1976 3314
891 81 986 126 855

184 203 227 239 In
251 203 425 239 sabulosis
460 202 659 241 maritimis,
695 201 843 238 collibus
868 202 1030 246 arvisque
1055 203 1211 238 arenosis
1236 203 1389 247 regionis
1414 203 1590 239 inferioris
1627 203 1794 239 Baeticae

140 251 316 287 inferioris
341 251 405 295 (pr
426 250 549 284 urbem
574 249 703 284 Sevilla
728 249 773 283 ad
799 248 910 284 Loma
935 248 991 284 del
1017 249 1150 294 Grullo,
1176 250 1315 285 BOUTA
1343 262 1370 285 0.
1398 250 1571 285 Sanlucar
1596 249 1638 285 de
1663 250 1792 285 Barra-

138 298 251 341 meda,
277 297 375 342 WK.,
399 296 570 332 BOURG!
599 303 634 331 et
659 298 857 341 Ayamonte
891 295 1129 340 frequentiss„
1166 296 1282 341 WK.,)
1317 297 1485 332 montium
1511 297 1704 332 Marianm.
1730 299 1795 342 (pr

136 344 399 380 Valdehuertas
425 350 460 378 et
482 343 537 378 La
562 343 734 387 Carolina,
760 342 859 377 LGE.
870 343 892 387 1)
918 350 953 378 et
978 343 1156 378 Castellae
1180 354 1257 378 nov.
1275 326 1342 388 ’[(31
1360 344 1522 389 Casalejo
1546 356 1599 390 pr.
1618 344 1791 379 Talaxera

140 392 182 427 de
207 392 242 426 la
266 390 389 434 Reina,
413 390 570 426 BOURG
583 393 616 433 1).
645 410 683 415 —
713 372 762 431 Θ.
788 389 870 424 Jan.
874 391 1006 434 —Ap1.
1032 393 1077 435 (v.
1104 391 1161 435 v.).

184 438 275 473 Hab.
301 448 438 481 quoque
464 437 500 472 in
525 437 706 481 Algarbiis
733 436 1240 483 (PouizR.‚W.1z,BoussG.!
1267 436 1475 480 WINKL.!).

182 517 285 553 4835.
334 519 380 551 B.
408 519 627 552 sabularia
659 517 783 552 BROT.
816 517 922 562 Phyt.
946 517 1030 553 Lus.
1056 518 1083 557 Ι.
1109 530 1143 563 p.
1170 519 1225 563 97,
1250 522 1275 552 t.
1301 519 1363 552 43!
1412 518 1506 553 AMO
1539 518 1561 552 l.
1587 530 1617 554 c.
1649 530 1683 563 p.
1709 519 1793 554 483!

91 565 179 600 WK.
203 564 251 609 pl.
278 563 378 608 Hisp.
407 575 479 600 exs.
510 566 611 605 1646,
639 575 671 599 n.
701 564 786 598 1391
814 571 849 599 et
874 564 1030 600 BOURG.
1054 565 1103 610 pl.
1129 575 1201 600 exs.
1228 576 1261 599 n.
1289 565 1395 600 17601
1422 564 1666 610 (Sisymbrium
1684 565 1797 600 Parra

93 613 136 647 L.
162 611 243 646 Cod.
270 622 304 645 n.
329 612 468 656 47921).
501 611 630 646 Differt
656 623 677 647 a
700 611 875 656 praeced„
902 622 1050 656 quacum
1074 612 1178 647 facile
1203 611 1460 655 commutanda,
1487 611 1606 647 radice
1624 613 1797 648 crassiore

89 659 193 695 caule
227 658 369 702 saepius
393 658 526 703 foliato,
566 658 658 694 toliis
688 658 800 701 magis
828 659 1253 704 lyrato-pinnatipartitis,
1286 659 1375 694 lobis
1400 658 1608 704 profundius
1634 659 1799 704 dentatis,

90 716 196 750 saepe
234 705 547 750 subpinnatifidis,
590 704 734 740 floribus
772 704 964 741 minoribus
1003 706 1147 751 (petalis
1189 707 1244 739 4⁴¹¹
1270 705 1308 751 1.)
1356 710 1391 740 et
1423 706 1615 751 praecipue
1649 706 1797 749 siliquis,

84 752 309 788 brevioribus
335 759 370 787 et
395 752 629 788 crassioribus
656 755 747 796 (cum
780 758 895 788 rostro
931 753 1089 798 l—-11s‘2¹‘
1116 753 1167 797 1.),
1203 757 1318 788 rostro
1344 753 1472 797 siliqua
1497 753 1576 797 ipsa
1602 752 1797 798 cylindrica

88 799 189 834 valde
215 800 372 834 torulosa
397 799 506 834 multo
532 799 686 834 tenuiori
712 799 886 843 subulam,
912 811 982 835 non
999 800 1067 835 11151
1085 800 1227 835 tertiam
1245 812 1275 834 v.
1294 799 1444 835 mediam
1463 800 1640 835 valvarum
1658 807 1796 844 partem

83 853 273 890 aequante,
299 846 506 890 saepissime
531 856 706 890 aspermo.
733 866 775 870 —
801 846 920 881 Caulis
946 853 1085 882 erectus
1119 847 1265 882 strictus
1301 857 1452 892 superne
1477 847 1598 891 patule
1624 857 1796 891 ramosus,

86 894 165 929 basi
189 894 274 929 setis
299 894 464 927 retrorsis
490 893 636 928 vestitus
663 898 818 927 ceterum
843 894 977 936 glaber,
1006 894 1142 928 1—2‘1.
1168 893 1269 928 Folia
1286 893 1331 928 ad
1348 899 1465 929 costas
1483 904 1678 938 nervosque
1701 900 1794 929 setu-

89 940 181 985 losa,
208 940 398 985 praecipue
425 939 567 984 subtus,
594 939 898 976 setuloso-ciliata.
948 941 1066 976 Radix
1091 951 1219 985 annua,
1246 940 1447 976 fusiformis.

234 998 270 1038 β.
297 1009 319 1041 p
331 997 548 1042 apillaris
575 997 660 1032 BSS.
687 998 775 1042 Voy.
801 997 889 1042 Esp.
916 1010 950 1042 p.
976 1000 1032 1042 36,
1059 1004 1083 1034 t.
1105 999 1139 1033 7!
1166 998 1284 1033 radice
1310 998 1454 1043 perenni
1474 998 1520 1042 (5³)
1537 999 1658 1034 caules
1676 998 1795 1044 plures

294 1044 492 1087 emittente,
518 1044 613 1080 foliis
639 1045 752 1080 minus
777 1044 953 1089 profunde
980 1045 1112 1086 divisis,
1139 1051 1253 1080 rostro
1272 1046 1392 1080 conico
1412 1047 1668 1090 1—2—spermo.
1705 1045 1796 1081 Tota

300 1091 434 1136 planta,
462 1091 600 1135 siliquis
626 1091 796 1136 exceptis,
833 1092 981 1137 papillis
1007 1093 1098 1128 albis
1124 1092 1343 1137 subspinosis
1370 1092 1447 1127 basi
1473 1092 1631 1128 dilatatis
1657 1093 1756 1136 (setis
1767 1093 1795 1135 ‘?)

300 1138 517 1173 scaberrima
542 1139 596 1183 (B.
622 1139 810 1183 papillaris
834 1139 921 1173 Bss.
947 1139 1005 1174 El.
1032 1151 1065 1174 n.
1093 1139 1175 1183 111).

181 1195 223 1230 111
248 1197 338 1231 arvis
373 1197 592 1240 collibusque
625 1198 783 1232 arenosis
813 1196 955 1232 incultis
981 1197 1135 1241 regionis
1160 1196 1315 1231 inferior.
1342 1196 1539 1241 Hispaniae
1564 1196 1794 1232 austro-occi-

131 1242 265 1278 dental.
290 1244 438 1288 passim:
478 1244 513 1277 111
540 1243 744 1278 Extremad.
768 1245 839 1287 (pr.
865 1243 1062 1289 Plasencia,
1101 1244 1300 1288 BOURG.!),
1342 1244 1518 1279 montibus
1543 1243 1698 1278 Marian.
1723 1250 1792 1288 (pr.

133 1289 405 1331 Valdehuertas,
431 1290 572 1334 LGE.l),
598 1290 698 1325 Baet.
725 1290 785 1335 (ad
811 1291 904 1325 ostia
928 1289 964 1327 fl.
990 1290 1247 1335 Guadalquivir
1264 1302 1317 1336 pr.
1332 1290 1386 1325 La
1400 1291 1576 1333 Bonanza,
1604 1290 1728 1334 WK.);
1752 1311 1788 1315 —

133 1338 171 1382 β.
196 1337 232 1370 in
264 1337 437 1372 sabulosis
474 1337 660 1372 maritimis
687 1336 899 1372 declivitatis
936 1339 1098 1374 oriental.
1132 1338 1260 1373 montis
1293 1337 1488 1373 Gibraltar.
1514 1338 1639 1382 (Bes).
1669 1357 1708 1362 —
1739 1340 1791 1379 O.

131 1385 162 1419 F
166 1384 399 1428 ebin—Majo,
426 1395 499 1418 var.
523 1385 644 1429 (quam
670 1395 738 1419 non
764 1384 847 1429 vidi)
874 1384 992 1421 ι1111110.

182 1430 273 1465 Hab.
300 1442 395 1476 spec.
419 1431 455 1465 in
479 1431 593 1466 Lusit.
620 1437 732 1467 austr.
757 1437 791 1466 et
817 1432 942 1466 media.

181 1489 280 1525 Obs.
331 1490 381 1524 Ol.
407 1490 607 1525 BROTERO
644 1491 788 1535 plantae
823 1500 907 1524 suae
946 1494 1099 1525 rostrum
1133 1489 1321 1524 ensiforme
1358 1489 1520 1524 attribuit
1553 1488 1645 1533 quod
1682 1489 1791 1524 etiam

133 1536 214 1571 icon
239 1537 392 1571 exhibet.
441 1536 508 1571 Sed
534 1537 650 1571 omnia
674 1536 866 1581 specimina
893 1547 982 1580 quae
1006 1536 1087 1580 vidi,
1112 1536 1308 1580 Hispanica
1333 1543 1367 1571 et
1397 1536 1609 1579 Lusitanica,
1636 1542 1789 1570 rostrum

134 1583 307 1628 praebent
344 1584 610 1618 teretiusculum
647 1583 859 1618 subulatum.
910 1583 1129 1618 Varietatem
1166 1583 1206 1624 β.
1230 1582 1389 1627 plantam
1414 1594 1492 1618 esse
1519 1593 1708 1628 perennem
1733 1584 1791 1618 vix

135 1629 328 1673 crederem,
353 1629 414 1665 sed
438 1630 622 1675 probabile
646 1630 794 1670 videtur,
820 1631 911 1665 lianc
936 1631 1089 1675 speciem
1115 1630 1150 1664 in
1176 1630 1351 1665 sabulosis
1369 1630 1555 1666 maritimis
1573 1635 1788 1665 crescentem

134 1676 290 1758 {adicem
322 1677 432 1758 muldto
471 1677 681 1712 crassiorem
714 1677 921 1721 caulemque
945 1688 966 1712 a
991 1678 1068 1713 basi
1102 1687 1280 1712 ramosum
1304 1676 1467 1721 formare,
1509 1678 1658 1713 fortasse
1684 1677 1790 1712 etiam

160 1734 295 1758 lennem
319 1734 382 1758 eva
409 1734 477 1759 ere.

179 1806 282 1839 4836.
331 1807 376 1838 B.
402 1806 688 1838 Tournefortii
728 1803 826 1839 GOU.
868 1803 921 1839 Ill.
948 1816 981 1849 p.
1008 1805 1063 1847 44,
1105 1808 1130 1838 t.
1157 1803 1263 1838 2οΑ1
1314 1804 1384 1838 DC.
1424 1804 1517 1849 Syst.
1554 1805 1601 1847 II,
1642 1817 1676 1850 p.
1703 1807 1785 1840 6021

86 1853 180 1887 AMO
216 1852 237 1886 l.
264 1863 293 1887 0.
317 1853 404 1886 480!
455 1851 608 1886 BOURG.
636 1851 684 1895 pl.
709 1851 812 1896 Hisp.
847 1862 921 1886 exs.
955 1863 987 1886 11.
1017 1851 1122 1885 10491
1162 1850 1295 1894 (Eruca
1329 1856 1447 1886 erecta
1472 1851 1571 1886 LAG.
1597 1852 1684 1888 Nov.
1711 1863 1786 1896 gen.

86 1907 120 1934 et
147 1911 198 1944 sp.
225 1910 257 1933 n.
283 1900 368 1933 2691
420 1896 540 1943 Sinapi
576 1897 811 1942 Hispanicum
835 1898 952 1933 minus
982 1898 1133 1943 raphani
1166 1898 1249 1932 solio
1277 1897 1434 1933 TOURN.
1460 1899 1572 1943 Inst.).
1622 1899 1793 1942 Robusta,

86 1946 206 1982 radice
242 1946 339 1981 tenui
376 1945 671 1990 perpendiculari,
709 1945 810 1980 caule
848 1952 977 1989 erecto,
1017 1945 1169 1990 simplici
1202 1950 1264 1980 aut
1299 1956 1450 1990 superne
1486 1946 1608 1991 patule
1643 1958 1794 1988 ramoso,

86 1993 203 2038 tereti,
239 1999 342 2036 parte
366 1991 531 2027 inferiore
558 1992 682 2027 setulis
706 1992 871 2028 retrorsis
898 1999 1119 2037 exasperato
1159 1998 1317 2027 ceterum
1343 1993 1476 2036 glabro.
1513 1993 1654 2028 1-2’1.
1669 2009 1675 2015 -
1667 1994 1794 2038 ,foliis

82 2040 301 2076 basilaribus
326 2039 520 2084 petiolatis,
559 2039 756 2084 subbrato-
760 2040 1008 2092 pinnatisectis
1044 2052 1073 2074 v.
1099 2039 1400 2084 pinnatipartitis,
1439 2030 1563 2075 subtus
1589 2040 1632 2074 ad
1659 2051 1794 2084 nervos,

82 2087 276 2140 praecipue
301 2086 345 2121 ad
370 2092 504 2121 costam
530 2086 692 2129 mediani,
717 2087 949 2130 margineque
974 2087 1144 2121 setuloso-
1148 2086 1307 2130 hispidis
1334 2087 1423 2121 lobis
1447 2087 1656 2121 lateralibus
1675 2098 1792 2122 nume-

85 2135 176 2170 rosis
212 2133 507 2172 decrescentibus
548 2133 692 2168 summis
726 2145 803 2168 cum
837 2133 1016 2168 terminali
1051 2132 1320 2177 confluentibus,
1362 2134 1522 2168 omnibus
1548 2134 1796 2177 irregulariter

87 2180 329 2226 piofundeque
356 2179 519 2222 dentatis,
557 2179 616 2215 fol.
643 2179 792 2214 caulinis
817 2180 1006 2224 perpaucis
1033 2179 1246 2215 distantibus
1273 2180 1381 2215 multo
1407 2181 1609 2225 minoribus,
1647 2182 1792 2217 summis

87 2228 297 2271 linearibus;
335 2226 482 2261 floribus
514 2226 642 2270 parvis,
684 2226 763 2261 laxe
789 2227 990 2271 racemosis,
1027 2227 1156 2271 petalis
1183 2226 1316 2271 pallide
1341 2227 1458 2271 luteis,
1497 2228 1639 2272 saepius
1664 2228 1789 2264 violas-

88 2274 264 2315 centibus;
294 2273 431 2317 siliquis
456 2274 558 2316 longe
584 2273 732 2317 laxeque
756 2274 960 2316 racemosis,
984 2275 1097 2318 primo
1124 2274 1330 2314 suberectis‚
1355 2274 1505 2310 maturis
1523 2285 1601 2309 cum
1618 2275 1792 2319 pedicello

86 2321 231 2356 tertiam
256 2333 286 2355 v.
310 2320 460 2354 mediam
471 2321 651 2354 valvarum
688 2327 826 2365 partem
852 2319 1097 2365 aequantibus,
1122 2321 1325 2365 patentibus
1350 2333 1380 2355 r.
1406 2322 1682 2366 patentissimis,
1716 2334 1794 2357 cum

90 2374 204 2403 rostro
230 2367 306 2402 basi
333 2368 540 2412 saepissime
566 2367 766 2403 seminifero
792 2367 1005 2413 pedicellum
1031 2368 1273 2412 subaequante
1302 2368 1507 2413 1¹J2—2¹J4¹‘
1527 2369 1560 2413 1.,
1587 2369 1694 2404 valvis
1713 2369 1792 2404 sub-

91 2414 495 2460 tetragoiio-cylindricis
521 2414 615 2457 latis,
641 2415 818 2459 torulosis,
846 2415 1037 2450 seminibus
1062 2414 1181 2450 fuscis.

183 2472 223 2506 In
249 2473 340 2507 arvis
364 2473 521 2508 arenosis
553 2473 717 2517 incultis,
744 2473 920 2509 sabulosis
954 2473 1152 2516 maritimis,
1178 2473 1223 2508 ad
1249 2483 1415 2517 agrorum
1441 2474 1616 2518 margines
1642 2474 1795 2517 regionis

135 2519 291 2554 inferior.
318 2519 512 2564 Hispaniae
538 2520 706 2555 australis
731 2521 883 2565 passim:
918 2521 953 2555 in
978 2531 1085 2564 regno
1112 2521 1226 2554 Mure.
1252 2524 1318 2565 (pr.
1345 2521 1555 2565 Cartagena,
1589 2521 1794 2564 BOURG.!),

137 2565 283 2601 Granat.
312 2567 378 2610 (pr.
405 2566 537 2602 Cuevas
562 2566 604 2600 de
629 2567 734 2612 Vera,
761 2567 874 2612 LAG.,
899 2567 1069 2612 Almeria,
1098 2568 1274 2602 WINKL.!
1325 2568 1458 2610 Motril,
1496 2567 1652 2611 Malaga,
1679 2567 1793 2611 BSS.)‚

135 2613 235 2649 Baet.
259 2613 409 2657 (Boon,
438 2613 551 2656 WK.).
578 2632 621 2637 ——-
651 2617 704 2656 O.
729 2614 847 2658 Febr.,
873 2614 976 2649 Mart,
1003 2615 1049 2657 (v.
1075 2617 1130 2658 v.).

182 2659 272 2695 Hab.
298 2660 333 2694 in
358 2660 465 2703 Cors.,
500 2659 651 2700 Sardin.,
677 2660 783 2705 Sicil.,
809 2672 916 2705 regno
942 2661 1103 2706 Neapol.,
1137 2660 1275 2704 Graec.,
1302 2660 1418 2703 Creta,
1445 2660 1560 2704 Cauca,
1585 2660 1674 2695 Asia
1699 2660 1794 2705 min.,

135 2706 249 2752 Syria,
275 2707 386 2751 Pers„
412 2707 534 2750 Arab„
562 2706 659 2750 Aeg.
685 2707 842 2751 Algeria.

182 2764 275 2800 Obs.
325 2765 526 2810 Specimina
568 2764 713 2800 Baetica
751 2777 774 2800 a
814 2776 869 2801 me
911 2777 961 2810 pr.
987 2764 1092 2799 Jerez
1128 2764 1171 2816 (c.
1198 2763 1410 2808 lapicidinas
1442 2768 1577 2800 tractus
1609 2763 1726 2799 Sierra
1751 2764 1795 2799 de

135 2810 255 2856 Jerez)
282 2778 388 2856 atqilie
414 2823 435 2847 a
460 2811 650 2846 01.ΒοοΤ
679 2824 732 2857 pr
756 2812 933 2857 Hispalim
959 2811 1051 2846 lecta
1076 2811 1180 2845 nimis
1199 2810 1371 2854 juvenilia
1401 2816 1497 2850 sunt,
1524 2816 1560 2845 ut
1593 2811 1794 2847 discernere

138 2859 280 2904 possim,
306 2871 389 2894 num
416 2858 461 2894 ad
485 2858 525 2894 B.
551 2858 789 2895 Tournefortii
812 2870 858 2894 an
883 2858 929 2892 ad
954 2858 1060 2892 aliam
1086 2856 1239 2901 speciem
1265 2857 1477 2901 pertineant

186 2939 286 2976 4837.
335 2942 380 2976 B
407 2942 638 2974 Valentina
680 2939 752 2984 (L)
791 2940 862 2975 DC.
900 2939 922 2973 l.
948 2950 976 2974 0.
1002 2950 1036 2983 p.
1061 2939 1144 2972 603!
1195 2938 1288 2972 ΑΜΟ
1324 2937 1346 2971 l.
1381 2948 1409 2972 c.
1443 2950 1475 2983 p
1501 2939 1586 2974 481!
1636 2938 1792 2974 BOURG.

89 2984 138 3030 pl.
163 2984 263 3030 Hisp.
289 2996 361 3023 exs.
386 2998 419 3021 n.
438 2989 529 3021 2104
554 2993 589 3022 et
615 2988 721 3022 2359!
764 2986 1010 3032 (Sisymbrium
1036 2984 1264 3020 Valentinum
1289 2983 1329 3019 L
1356 2983 1439 3020 Cod.
1466 2996 1499 3019 n.
1517 2987 1607 3020 4791
1673 2986 1793 3021 Eruca
