1976 3314
870 163 963 208 139

60 282 274 327 imbricatis;
311 281 471 317 caulibus
503 282 698 326 caespitem
732 283 954 318 surculorum
991 293 1117 327 parum
1148 284 1400 328 superantibus
1434 285 1548 318 3—4‘¹
1583 283 1623 327 l.‚
1661 284 1771 328 cymis

62 331 153 363 2«3
173 328 401 373 scorpioideis
418 328 705 373 subsimplicibus
724 331 917 365 bracteatis
934 329 1152 375 paucifloris,
1181 331 1383 375 corymbum
1402 330 1520 364 laxum
1547 330 1771 365 terminalem

61 376 314 419 formantibus3
348 375 496 411 floribus
531 376 800 420 subsessilibus,
835 377 969 421 sepalis
1001 377 1160 411 carnosis
1194 377 1354 420 oblongis
1390 377 1511 413 liboris
1545 377 1620 411 basi
1648 377 1773 411 solutis

61 427 168 467 atque
193 423 228 456 in
254 422 393 457 dentem
427 421 628 467 productis,
663 424 793 468 petalis
827 423 929 458 flavis
962 423 1313 458 lineari-lanceolatis
1345 425 1477 466 acutis,
1514 424 1633 469 calyce
1666 424 1773 468 triplo

61 469 287 513 longioribus,
312 469 462 514 patulis;
491 470 701 504 staminibus
728 471 849 515 petala
869 471 1117 515 aequantibus,
1144 471 1304 506 antheris
1321 470 1434 512 flavis,
1459 471 1629 505 folliculis
1647 470 1773 504 divari-

61 517 149 552 catis
173 516 386 561 compressis
407 516 521 551 acutis
539 518 697 559 margine
725 518 890 552 interiore
917 517 994 551 basi
1021 517 1189 561 gibbosis,
1216 517 1409 553 seminibus
1438 529 1505 552 non
1531 517 1774 552 tuberculatis.

156 574 196 608 In
222 574 342 616 muris,
366 574 455 609 locis
478 575 702 619 rupestribus
728 576 885 610 arenosis
911 576 1092 610 sterilibus
1119 575 1238 617 aridis,
1264 576 1300 610 in
1326 576 1469 619 regione
1487 575 1591 609 infer.
1611 580 1647 609 et
1664 580 1771 609 mont.

108 631 174 665 per
197 631 334 655 omnem
360 621 573 665 Hispaniam
598 623 686 657 satis
711 621 898 666 frequens,
925 623 959 656 in
985 622 1138 657 australi
1162 623 1297 667 (Sierra
1322 622 1504 667 Nevada),
1531 622 1567 656 in
1592 623 1771 665 regionem

110 668 265 720 alpinam
291 668 511 703 adscendens
538 668 598 712 (ad
623 669 683 704 alt.
712 671 816 703 6500‘
842 670 978 713 usque).
1007 690 1048 694 -
1077 677 1111 710 zi.
1137 669 1377 714 Majo—Aug.
1404 671 1446 713 (v.
1473 669 1529 713 v.).
1577 669 1773 713 »Siempre-

111 725 191 749 viva
220 725 362 749 menor«
391 715 552 757 Castell,
592 715 705 750 »Uvas
737 716 780 750 de
812 721 915 759 gato«
943 716 1112 760 Granat.,
1152 716 1369 761 »Crespinell
1401 716 1542 761 picant,
1575 715 1774 760 Crespinell

111 761 232 805 groch,
259 761 381 796 Raims
406 762 448 796 de
474 762 586 806 Llop«
616 762 729 797 Catal.
757 769 792 797 et
817 763 960 797 Valent.

161 833 264 867 3251.
314 834 352 866 S.
379 834 563 875 alpestre
589 833 699 868 VILL.
733 833 787 867 Fl.
814 833 944 878 Delph.
972 833 1040 877 III,
1076 845 1108 877 p.
1136 834 1223 872 684,
1258 831 1329 866 GR.
1356 832 1486 866 GODR.
1521 831 1542 866 l.
1569 843 1598 867 c.
1625 843 1657 875 p.
1684 832 1772 865 625!

67 877 115 922 (S.
141 889 270 923 repens
297 879 413 915 SCHL.
439 890 495 923 ap.
521 879 593 914 DC.
620 879 674 914 Fl.
701 880 743 914 fr.
771 880 833 923 VI,
862 892 893 924 p.
922 882 1006 915 525!
1034 880 1140 914 MUT.
1162 880 1217 915 Fl,
1236 878 1277 913 fr.
1303 884 1329 913 t.
1351 880 1412 921 19,
1440 878 1473 912 S
1501 878 1652 913 saxatile
1680 878 1775 911 ALL.

65 924 121 960 Fl.
148 925 292 960 Pedem.
319 932 343 960 t.
370 928 432 971 65,
459 927 480 960 f.
508 926 564 969 6!)
613 926 802 967 Glabrum,
837 927 916 961 laxe
942 927 1199 971 caespitosum,
1233 927 1382 961 obscure
1409 926 1543 967 virens,
1582 926 1776 959 rhizomate

63 972 161 1007 tenui
195 972 409 1016 multicauli,
453 973 615 1008 caulibus
653 973 950 1008 adscendentibus
984 974 1100 1007 2-3¹‘
1132 974 1172 1017 l.,
1213 973 1364 1007 surculis
1401 972 1643 1015 brevioribus;
1683 971 1777 1006 foliis

67 1019 201 1063 sparsis
236 1019 560 1063 oblongo-ovoideis
593 1020 669 1054 basi
698 1021 821 1055 solutis
853 1021 1029 1055 truncatis
1061 1021 1286 1063 breviterque
1319 1019 1520 1064 productis,
1554 1020 1589 1053 in
1626 1018 1777 1053 surculis

66 1065 173 1100 dense
199 1066 415 1111 imbricatis3
441 1066 588 1101 floribus
606 1067 959 1111 brevepedunculatis
979 1068 1102 1112 paucis
1128 1068 1165 1101 in
1186 1078 1324 1112 cymam
1350 1066 1615 1110 subsimplicem
1642 1076 1778 1110 corym-

66 1114 190 1148 bosam
222 1124 368 1157 parvam
401 1113 593 1156 congestis,
632 1114 763 1158 sepalis
799 1114 1083 1157 ovato—oblongis
1115 1114 1193 1149 basi
1226 1125 1294 1147 non
1328 1113 1453 1147 solutis
1486 1123 1549 1147 nec
1584 1112 1779 1157 productis,

66 1160 196 1204 petalis
225 1160 353 1195 erectis
378 1160 706 1195 ovato-lanceolatis
732 1161 864 1205 pallide
890 1161 1013 1202 luteis,
1040 1161 1161 1206 calyce
1188 1160 1331 1195 dimidio
1357 1160 1585 1204 longioribus,
1612 1159 1780 1204 carpellis

69 1206 226 1241 breviter
251 1207 472 1251 acuminatis,
499 1207 577 1241 basi
602 1218 669 1241 non
696 1208 864 1250 gibbosis.

164 1265 204 1298 In
241 1265 326 1300 locis
363 1266 586 1310 rupestribus
621 1266 866 1310 glareosisque
901 1266 1056 1309 regionis
1092 1265 1301 1309 subalpinae
1334 1265 1547 1310 Pyrenaeor.
1581 1263 1781 1306 Aragoniae

120 1311 214 1353 (Pto.
242 1312 285 1346 de
311 1312 497 1356 Benasque
523 1312 567 1346 ad
592 1312 714 1357 basin,
749 1313 824 1348 Pto.
851 1313 893 1347 de
920 1313 956 1347 la
980 1313 1131 1356 Picada,
1157 1313 1301 1357 ZETT.,
1338 1311 1374 1345 in
1399 1311 1490 1346 valle
1516 1311 1558 1345 de
1583 1311 1781 1354 Benasque,

121 1358 332 1402 Maladetta,
358 1358 498 1403 PHIL.).
526 1380 569 1384 --
598 1366 632 1397 21.
659 1360 741 1394 Jun.
767 1359 838 1394 Jul.
866 1360 913 1403 (n.
940 1360 995 1404 v.).

168 1416 260 1450 Hab.
285 1416 320 1450 in
346 1417 485 1462 Pyren,
513 1418 626 1453 Mont.
645 1418 737 1453 Gall.
755 1418 914 1459 central.,
941 1418 1081 1461 Voges,
1106 1417 1238 1462 Alpib„
1265 1416 1446 1461 Carpatb.,
1473 1415 1604 1459 Sudet.,
1630 1416 1782 1459 Appen,

122 1462 259 1509 Scand,
286 1464 395 1509 θοι-3.,
422 1464 595 1499 Sardinia.
979 1470 989 1473 ⁷

432 1556 480 1598 ††
513 1556 675 1591 Petala
707 1556 829 1598 alba,
862 1567 1008 1600 rosea,
1045 1555 1417 1590 coerulescentia.

602 1636 633 1659 a.
670 1625 773 1659 Folia
798 1626 1013 1668 subglobosa
1037 1637 1067 1659 v.
1093 1624 1251 1659 ovoidea.

168 1694 271 1728 3252.
323 1695 362 1726 S.
388 1695 664 1727 brevifolium
689 1693 760 1728 DC.
786 1694 901 1738 Rapp.
929 1694 973 1735 Il,
1000 1706 1034 1737 p.
1061 1694 1116 1736 79,
1142 1693 1248 1726 Me'm.
1276 1691 1431 1726 Crassul.
1458 1695 1481 1725 t.
1508 1693 1540 1726 4.
1568 1690 1622 1723 Fl.
1652 1689 1694 1723 fr.
1720 1689 1782 1730 VI,

74 1753 107 1785 p.
135 1742 222 1774 524!
260 1738 332 1775 GR.
359 1739 488 1774 GODR.
523 1740 545 1775 1.
573 1752 600 1774 c.
635 1752 670 1784 p.
697 1742 784 1775 624!
828 1740 915 1774 WK.
950 1740 998 1784 pl.
1033 1750 1106 1774 exs.
1135 1741 1227 1773 1850
1261 1740 1404 1783 11.415,
1438 1738 1593 1772 BOURG.
1623 1737 1670 1781 pl.
1705 1746 1779 1769 exs.

74 1798 107 1820 n.
137 1788 224 1821 1871
253 1791 289 1820 et
314 1788 425 1821 2640!
477 1787 524 1830 (S.
556 1787 782 1831 sphaericum
808 1787 906 1823 LAP.
942 1787 1034 1821 Hist.
1067 1787 1141 1821 abr.
1173 1799 1206 1830 p.
1233 1788 1318 1820 259!
1364 1785 1493 1820 Sedum
1519 1796 1551 1818 n.
1578 1785 1645 1818 394
1672 1783 1778 1816 Asso

73 1833 156 1879 Syn.
183 1846 217 1878 p.
244 1835 325 1877 571)
362 1833 546 1876 Glabrum,
571 1834 766 1868 rhizomate
784 1834 1025 1869 ramosissimo
1049 1833 1267 1877 fruticuloso,
1294 1832 1454 1868 surculos
1480 1831 1669 1874 caulesque
1696 1830 1782 1863 mul—

74 1886 128 1915 tos
154 1880 347 1924 caespitem
371 1879 579 1924 depressum
604 1881 800 1915 formantes
826 1881 970 1924 edente,
998 1880 1092 1915 foliis
1110 1879 1263 1914 ovoideis
1290 1878 1614 1923 V.subsphae1·icis,
1641 1877 1676 1910 in
1703 1887 1783 1910 cau-

72 1928 166 1962 libus
192 1927 432 1971 suboppositis
458 1927 611 1969 dissitis,
649 1928 684 1961 in
710 1928 859 1962 surculis
886 1927 994 1962 dense
1019 1927 1233 1971 imbricatis,
1269 1927 1430 1961 caulibus
1458 1926 1586 1960 erectis
1612 1923 1783 1958 filiformi-

72 1975 139 2009 bus
174 1974 286 2007 1-3‘¹
313 1975 354 2018 1.,
390 1974 492 2018 apice
529 1985 666 2018 cymam
701 1975 921 2009 bracteatam
955 1975 1070 2019 primo
1106 1974 1367 2018 subcapitatam
1400 1973 1540 2007 demum
1577 1971 1785 2016 bipartitam

73 2021 377 2066 corymbiformem
416 2021 631 2063 ferentibus,
667 2021 814 2056 floribus
853 2021 1025 2066 pedicello
1064 2021 1188 2063 gracili
1226 2020 1365 2054 demum
1402 2019 1572 2054 corollam
1611 2023 1786 2061 aequante

75 2067 239 2112 suffultis,
265 2067 396 2112 sepalis
422 2068 594 2113 ovalibus,
620 2069 750 2112 petalis
770 2069 890 2113 calyce
916 2068 1091 2112 subtriplo
1117 2068 1338 2111 longioribus
1363 2065 1642 2110 erecto-patulis,
1669 2069 1787 2099 ovato—

77 2114 304 2159 lanceolatis,
337 2114 430 2149 albis
454 2127 484 2148 v.
511 2125 554 2148 ex
580 2115 660 2150 albo
687 2115 799 2150 roseis
824 2116 913 2150 vitta
937 2125 1118 2160 purpurea
1143 2115 1246 2150 dorso
1272 2115 1419 2155 notatis,
1454 2113 1613 2147 antheris
1640 2111 1786 2145 inclusis

75 2161 276 2207 purpureis,
301 2161 470 2206 cai-pellis
488 2162 628 2197 erectis.
648 2183 689 2186 -
718 2163 860 2207 Species
886 2162 1154 2206 elegantissima
1178 2162 1271 2196 foliis
1292 2162 1385 2196 laete
1403 2160 1573 2195 viridibus
1592 2165 1654 2193 aut
1680 2168 1786 2202 saepe

77 2209 217 2244 omnino
241 2209 593 2253 purpurascentibus.

172 2266 212 2300 In
236 2266 375 2301 fissuris
406 2267 547 2310 rupium
579 2266 735 2310 locisque
769 2266 942 2309 glareosis
976 2266 1131 2309 regionis
1165 2271 1319 2300 montan.
1354 2270 1389 2299 et
1423 2264 1531 2309 alpin.
1567 2262 1719 2308 passim:
1753 2262 1788 2295 in

123 2312 257 2347 Gallec.
293 2314 448 2356 {PLAN.,
480 2325 508 2348 c.
534 2314 722 2356 Santiago,
757 2313 875 2356 Lugo,
910 2312 1122 2357 Piedrafita,
1149 2313 1267 2347 LGE.!
1302 2312 1454 2354 Orense,
1488 2311 1664 2352 POURR.,
1699 2309 1787 2353 Tuy,

123 2359 358 2403 Pontevedra,
385 2360 486 2403 Vigo,
513 2360 548 2394 la
565 2359 716 2403 Cornua,
744 2360 914 2403 TEXID.),
941 2361 1063 2395 Astur.
1091 2361 1214 2404 (snpra
1231 2360 1369 2402 Gangas
1395 2358 1437 2392 de
1465 2357 1587 2398 Tineo,
1614 2356 1788 2390 Leitarie—

123 2417 185 2449 gos
210 2411 246 2441 et
269 2407 372 2447 alibi,
407 2407 542 2450 DUR.),
581 2417 689 2450 regno
723 2406 869 2450 Legion.
905 2408 947 2451 (c,
973 2407 1196 2441 Villafranca
1228 2406 1285 2440 del
1313 2406 1440 2440 Vierzo
1472 2410 1507 2438 et
1539 2404 1626 2438 alibi
1662 2403 1785 2446 frequ,

123 2452 239 2495 LGE.,
277 2453 360 2488 Pico
386 2453 428 2487 de
455 2454 508 2488 las
535 2453 680 2497 Corvas,
707 2454 913 2497 BOURG.!),
949 2454 1093 2488 montib.
1121 2455 1260 2498 Carpet.
1294 2453 1430 2497 (Sierra
1454 2451 1497 2485 de
1523 2449 1783 2491 Guadarrama,

123 2499 235 2540 LGE.,
261 2500 390 2535 Puerto
415 2500 458 2534 de
485 2500 677 2541 Reventon‚
703 2500 789 2535 Pico
815 2500 857 2534 de
883 2501 1072 2544 Penalara,
1098 2501 1143 2535 ad
1169 2502 1229 2535 alt.
1256 2501 1349 2533 6000
1401 2499 1517 2539 7700‘,
1546 2497 1647 2539 WK.,
1675 2496 1787 2530 Esco-

125 2546 203 2588 rial,
228 2547 369 2587 COLM.,
396 2547 550 2587 Chozas,
577 2547 704 2591 Cor),
740 2547 947 2582 Extremad.
975 2548 1108 2590 (Sierra
1133 2547 1175 2581 de
1202 2547 1421 2590 Majareina,
1449 2546 1656 2587 Bonam),
1691 2543 1786 2577 Cast.

124 2593 224 2628 Nova
242 2593 289 2637 (S.
308 2593 418 2628 Pablo
437 2594 479 2627 de
494 2594 647 2638 Montes,
666 2594 846 2638 POURR.),
874 2595 1028 2637 Aragon.
1047 2594 1182 2635 (Sierra
1200 2594 1243 2628 de
1263 2594 1437 2637 Moncayo
1456 2591 1499 2625 ad
1519 2592 1579 2625 alt.
1599 2590 1786 2631 4—6000‘,

125 2640 227 2682 WK.,
254 2641 377 2675 Monte
403 2640 445 2674 de
467 2640 634 2684 Herrera,
661 2641 693 2675 S.
721 2640 763 2675 de
783 2641 994 2686 Villarroya,
1021 2641 1063 2675 de
1080 2641 1194 2676 Areos
1220 2648 1298 2683 etc„
1325 2641 1442 2681 Asso,
1469 2638 1513 2672 ad
1539 2637 1647 2671 radic.
1675 2636 1790 2670 Mala-

125 2687 242 2729 detta,
276 2688 353 2721 Pto.
389 2687 431 2721 de
456 2687 660 2731 Benasque,
694 2687 851 2731 ZETT.),
887 2699 994 2731 regno
1027 2688 1174 2722 Granat.
1209 2687 1343 2731 (Sierra
1373 2685 1535 2725 Nevada,
1570 2684 1632 2717 int.
1660 2683 1789 2716 vallem

125 2734 305 2768 Barranco
338 2734 380 2768 de
414 2734 447 2768 S.
474 2733 569 2767 Juan
602 2740 637 2769 et
672 2746 748 2779 rup.
775 2735 898 2769 Penon
933 2735 975 2769 de
1001 2734 1034 2769 S.
1061 2735 1255 2769 Franciseo
1281 2733 1326 2767 ad
1360 2733 1422 2768 alt.
1450 2731 1570 2774 7000‘,
1605 2730 1717 2773 BSS.).
1745 2748 1788 2752 —

131 2785 167 2821 Ζι.
192 2780 274 2814 Jun.
301 2780 374 2815 Jul.
401 2781 444 2825 (v.
471 2780 526 2824 v.).

127 2827 264 2907 CHab.
290 2837 428 2871 quoque
462 2827 498 2861 in
524 2827 670 2870 Algarb.
705 2826 827 2870 (Serra
860 2827 905 2862 da
930 2806 1072 2870 Picota,
1107 2826 1316 2870 BOURG.!),
1350 2826 1476 2870 Pyren.
1511 2823 1660 2858 central.
1692 2822 1788 2866 gall,

155 2884 282 2908 orsica.

175 2945 278 2977 3253.
327 2945 367 2977 S.
395 2944 695 2984 dasyphyllum
720 2941 761 2976 L.
788 2942 870 2976 Cod.
906 2954 937 2976 n.
965 2944 1075 2977 3352!
1116 2942 1187 2977 DC.
1216 2942 1270 2975 Fl.
1305 2941 1346 2974 fr.
1374 2940 1443 2976 IV.
1476 2952 1509 2984 p.
1537 2941 1624 2973 3911
1664 2939 1710 2973 10.
1742 2938 1789 2983 pl.

81 2999 194 3031 grass.
221 2995 245 3026 t.
272 2991 335 3031 93,
373 2989 445 3024 GR.
471 2990 602 3024 GODR.
634 2990 656 3022 l.
683 3000 712 3023 c.
739 3001 774 3034 p.
800 2990 886 3023 624!
938 2989 1037 3023 Laxe
1075 2989 1330 3033 caespitosum,
1367 2987 1528 3021 caulibus
1567 2986 1786 3029 surculisque

82 3036 278 3071 numerosis
303 3035 438 3072 diffusis
463 3036 778 3078 adscendentibus3
812 3035 905 3071 foliis
934 3034 1337 3081 obovato-ellipsoideis,
1369 3034 1406 3069 in
1440 3033 1662 3069 surculorum
1687 3033 1788 3077 apice
