<?xml version="1.0" encoding="UTF-8"?>
<!DOCTYPE html PUBLIC "-//W3C//DTD XHTML 1.0 Transitional//EN"
    "http://www.w3.org/TR/xhtml1/DTD/xhtml1-transitional.dtd">
<html xmlns="http://www.w3.org/1999/xhtml" xml:lang="en" lang="en">
 <head>
  <title>
</title>
<meta http-equiv="Content-Type" content="text/html;charset=utf-8" />
  <meta name='ocr-system' content='tesseract 3.04.00' />
  <meta name='ocr-capabilities' content='ocr_page ocr_carea ocr_par ocr_line ocrx_word'/>
</head>
<body>
  <div class='ocr_page' id='page_1' title='image "./prodromusfloraeh03will_0990.png"; bbox 0 0 1976 3314; ppageno 0'>
   <div class='ocr_carea' id='block_1_1' title="bbox 980 173 1074 218">
    <p class='ocr_par' dir='ltr' id='par_1_1' title="bbox 980 173 1074 218">
     <span class='ocr_line' id='line_1_1' title="bbox 980 173 1074 218; baseline -0.021 0"><span class='ocrx_word' id='word_1_1' title='bbox 980 173 1074 218; x_wconf 88' lang='grc'>966</span> 
     </span>
    </p>
   </div>
   <div class='ocr_carea' id='block_1_2' title="bbox 230 291 1883 620">
    <p class='ocr_par' dir='ltr' id='par_1_2' title="bbox 230 291 1883 620">
     <span class='ocr_line' id='line_1_2' title="bbox 232 291 1882 343; baseline -0.008 -4"><span class='ocrx_word' id='word_1_2' title='bbox 232 304 360 339; x_wconf 85' lang='lat' dir='ltr'>Cuesta</span> <span class='ocrx_word' id='word_1_3' title='bbox 379 302 495 337; x_wconf 86' lang='lat' dir='ltr'>Desca</span> <span class='ocrx_word' id='word_1_4' title='bbox 504 310 579 343; x_wconf 84' lang='lat' dir='ltr'>rga,</span> <span class='ocrx_word' id='word_1_5' title='bbox 604 298 713 341; x_wconf 83' lang='lat' dir='ltr'>LGE.,</span> <span class='ocrx_word' id='word_1_6' title='bbox 733 296 861 331; x_wconf 81' lang='lat' dir='ltr'>ditione</span> <span class='ocrx_word' id='word_1_7' title='bbox 875 295 1045 339; x_wconf 75' lang='lat' dir='ltr'>Liebana,</span> <span class='ocrx_word' id='word_1_8' title='bbox 1064 293 1263 335; x_wconf 81' lang='lat' dir='ltr'>SOHFSS.!),</span> <span class='ocrx_word' id='word_1_9' title='bbox 1276 292 1409 328; x_wconf 86' lang='lat' dir='ltr'>Gallec.</span> <span class='ocrx_word' id='word_1_10' title='bbox 1428 293 1495 338; x_wconf 89' lang='lat' dir='ltr'>(pr.</span> <span class='ocrx_word' id='word_1_11' title='bbox 1515 292 1660 337; x_wconf 84' lang='lat' dir='ltr'>Orense,</span> <span class='ocrx_word' id='word_1_12' title='bbox 1678 291 1882 335; x_wconf 80' lang='lat' dir='ltr'>WINKL.!),</span> 
     </span>
     <span class='ocr_line' id='line_1_3' title="bbox 231 338 1882 392; baseline -0.008 -7"><span class='ocrx_word' id='word_1_13' title='bbox 231 351 394 385; x_wconf 85' lang='lat' dir='ltr'>Navarra</span> <span class='ocrx_word' id='word_1_14' title='bbox 426 349 474 392; x_wconf 92' lang='lat' dir='ltr'>(in</span> <span class='ocrx_word' id='word_1_15' title='bbox 493 346 582 381; x_wconf 86' lang='lat' dir='ltr'>valle</span> <span class='ocrx_word' id='word_1_16' title='bbox 596 345 743 387; x_wconf 82' lang='lat' dir='ltr'>Baztan,</span> <span class='ocrx_word' id='word_1_17' title='bbox 767 342 888 387; x_wconf 86' lang='lat' dir='ltr'>WK.);</span> <span class='ocrx_word' id='word_1_18' title='bbox 914 362 958 368; x_wconf 89' lang='lat'>——</span> <span class='ocrx_word' id='word_1_19' title='bbox 985 345 1022 384; x_wconf 71' lang='grc' dir='ltr'>β.</span> <span class='ocrx_word' id='word_1_20' title='bbox 1048 342 1083 375; x_wconf 92' lang='lat' dir='ltr'>in</span> <span class='ocrx_word' id='word_1_21' title='bbox 1101 341 1195 376; x_wconf 88' lang='lat' dir='ltr'>Cast.</span> <span class='ocrx_word' id='word_1_22' title='bbox 1220 340 1354 383; x_wconf 86' lang='lat' dir='ltr'>(Sierra</span> <span class='ocrx_word' id='word_1_23' title='bbox 1381 340 1423 375; x_wconf 88' lang='lat' dir='ltr'>de</span> <span class='ocrx_word' id='word_1_24' title='bbox 1440 339 1575 375; x_wconf 87' lang='lat' dir='ltr'>Gredos</span> <span class='ocrx_word' id='word_1_25' title='bbox 1602 349 1710 384; x_wconf 84' lang='lat' dir='ltr'>supra</span> <span class='ocrx_word' id='word_1_26' title='bbox 1727 338 1882 383; x_wconf 85' lang='lat' dir='ltr'>Bohoyo,</span> 
     </span>
     <span class='ocr_line' id='line_1_4' title="bbox 230 385 1880 440; baseline -0.008 -7"><span class='ocrx_word' id='word_1_27' title='bbox 230 398 406 433; x_wconf 81' lang='lat' dir='ltr'>BOURG.!</span> <span class='ocrx_word' id='word_1_28' title='bbox 450 405 502 440; x_wconf 86' lang='lat' dir='ltr'>pr.</span> <span class='ocrx_word' id='word_1_29' title='bbox 529 392 784 433; x_wconf 81' lang='lat' dir='ltr'>Guadarrama,</span> <span class='ocrx_word' id='word_1_30' title='bbox 822 390 969 433; x_wconf 73' lang='lat' dir='ltr'>LGE.!),</span> <span class='ocrx_word' id='word_1_31' title='bbox 1009 389 1162 432; x_wconf 84' lang='lat' dir='ltr'>Aragon.</span> <span class='ocrx_word' id='word_1_32' title='bbox 1188 388 1306 428; x_wconf 73' lang='lat' dir='ltr'>&lt;Pena</span> <span class='ocrx_word' id='word_1_33' title='bbox 1330 387 1372 421; x_wconf 89' lang='lat' dir='ltr'>de</span> <span class='ocrx_word' id='word_1_34' title='bbox 1398 387 1519 431; x_wconf 72' lang='lat' dir='ltr'>Oroel,</span> <span class='ocrx_word' id='word_1_35' title='bbox 1549 386 1670 430; x_wconf 79' lang='lat' dir='ltr'>WK.),</span> <span class='ocrx_word' id='word_1_36' title='bbox 1696 385 1880 420; x_wconf 83' lang='lat' dir='ltr'>Catalaun.</span> 
     </span>
     <span class='ocr_line' id='line_1_5' title="bbox 233 432 1883 486; baseline -0.007 -8"><span class='ocrx_word' id='word_1_37' title='bbox 233 445 460 486; x_wconf 78' lang='lat' dir='ltr'>(Monserrat,</span> <span class='ocrx_word' id='word_1_38' title='bbox 492 440 609 484; x_wconf 83' lang='lat' dir='ltr'>WK.),</span> <span class='ocrx_word' id='word_1_39' title='bbox 633 450 739 483; x_wconf 80' lang='lat' dir='ltr'>regno</span> <span class='ocrx_word' id='word_1_40' title='bbox 764 437 903 471; x_wconf 87' lang='lat' dir='ltr'>Valent.</span> <span class='ocrx_word' id='word_1_41' title='bbox 929 437 958 479; x_wconf 69' lang='grc' dir='ltr'>(ζ)</span> <span class='ocrx_word' id='word_1_42' title='bbox 984 435 1018 471; x_wconf 88' lang='lat' dir='ltr'>S.</span> <span class='ocrx_word' id='word_1_43' title='bbox 1044 435 1207 478; x_wconf 78' lang='lat' dir='ltr'>Mariola,</span> <span class='ocrx_word' id='word_1_44' title='bbox 1234 435 1410 478; x_wconf 83' lang='lat' dir='ltr'>POURR.,</span> <span class='ocrx_word' id='word_1_45' title='bbox 1444 435 1685 477; x_wconf 72' lang='lat' dir='ltr'>Pefiagolosa‚</span> <span class='ocrx_word' id='word_1_46' title='bbox 1712 432 1821 473; x_wconf 75' lang='lat' dir='ltr'>CAV.)</span> <span class='ocrx_word' id='word_1_47' title='bbox 1847 437 1883 466; x_wconf 86' lang='lat' dir='ltr'>et</span> 
     </span>
     <span class='ocr_line' id='line_1_6' title="bbox 231 479 1881 533; baseline -0.008 -8"><span class='ocrx_word' id='word_1_48' title='bbox 231 491 376 525; x_wconf 80' lang='lat' dir='ltr'>Granat.</span> <span class='ocrx_word' id='word_1_49' title='bbox 403 489 467 533; x_wconf 85' lang='lat' dir='ltr'>(pr.</span> <span class='ocrx_word' id='word_1_50' title='bbox 487 488 667 525; x_wconf 74' lang='lat' dir='ltr'>Alliam-a,</span> <span class='ocrx_word' id='word_1_51' title='bbox 695 485 812 527; x_wconf 85' lang='lat' dir='ltr'>WK.).</span> <span class='ocrx_word' id='word_1_52' title='bbox 831 503 873 509; x_wconf 85' lang='lat'>——</span> <span class='ocrx_word' id='word_1_53' title='bbox 895 492 931 521; x_wconf 68' lang='grc' dir='ltr'>Δ.</span> <span class='ocrx_word' id='word_1_54' title='bbox 957 483 1071 527; x_wconf 80' lang='lat' dir='ltr'>Majo,</span> <span class='ocrx_word' id='word_1_55' title='bbox 1097 482 1179 517; x_wconf 81' lang='lat' dir='ltr'>Jun.</span> <span class='ocrx_word' id='word_1_56' title='bbox 1206 483 1252 526; x_wconf 90' lang='lat' dir='ltr'>(v.</span> <span class='ocrx_word' id='word_1_57' title='bbox 1278 483 1335 524; x_wconf 90' lang='lat' dir='ltr'>v.).</span> <span class='ocrx_word' id='word_1_58' title='bbox 1388 481 1595 525; x_wconf 73' lang='lat' dir='ltr'>»Aguilefia,</span> <span class='ocrx_word' id='word_1_59' title='bbox 1619 480 1793 524; x_wconf 84' lang='lat' dir='ltr'>Pajarilla</span> <span class='ocrx_word' id='word_1_60' title='bbox 1817 479 1881 513; x_wconf 90' lang='lat' dir='ltr'>Pe-</span> 
     </span>
     <span class='ocr_line' id='line_1_7' title="bbox 231 527 1881 578; baseline -0.007 -6"><span class='ocrx_word' id='word_1_61' title='bbox 231 539 363 577; x_wconf 87' lang='lat' dir='ltr'>lecano,</span> <span class='ocrx_word' id='word_1_62' title='bbox 382 536 503 571; x_wconf 87' lang='lat' dir='ltr'>Manto</span> <span class='ocrx_word' id='word_1_63' title='bbox 529 535 612 578; x_wconf 85' lang='lat' dir='ltr'>real⁷</span> <span class='ocrx_word' id='word_1_64' title='bbox 632 533 790 576; x_wconf 82' lang='lat' dir='ltr'>Clerigos</span> <span class='ocrx_word' id='word_1_65' title='bbox 817 531 904 565; x_wconf 85' lang='lat' dir='ltr'>boca</span> <span class='ocrx_word' id='word_1_66' title='bbox 929 531 1052 575; x_wconf 72' lang='lat' dir='ltr'>abajo«</span> <span class='ocrx_word' id='word_1_67' title='bbox 1082 529 1237 574; x_wconf 85' lang='lat' dir='ltr'>Castell.,</span> <span class='ocrx_word' id='word_1_68' title='bbox 1267 528 1479 570; x_wconf 82' lang='lat' dir='ltr'>»Aucellets,</span> <span class='ocrx_word' id='word_1_69' title='bbox 1505 528 1624 569; x_wconf 80' lang='lat' dir='ltr'>Corus,</span> <span class='ocrx_word' id='word_1_70' title='bbox 1642 527 1881 562; x_wconf 83' lang='lat' dir='ltr'>Perfetamor«</span> 
     </span>
     <span class='ocr_line' id='line_1_8' title="bbox 230 584 340 620; baseline -0.027 0"><span class='ocrx_word' id='word_1_71' title='bbox 230 584 340 620; x_wconf 81' lang='lat' dir='ltr'>Catal.</span> 
     </span>
    </p>
   </div>
   <div class='ocr_carea' id='block_1_3' title="bbox 234 632 1885 734">
    <p class='ocr_par' dir='ltr' id='par_1_3' title="bbox 234 632 1885 734">
     <span class='ocr_line' id='line_1_9' title="bbox 279 632 1885 683; baseline -0.006 -7"><span class='ocrx_word' id='word_1_72' title='bbox 279 642 369 677; x_wconf 84' lang='lat' dir='ltr'>Hab.</span> <span class='ocrx_word' id='word_1_73' title='bbox 397 654 431 676; x_wconf 84' lang='lat' dir='ltr'>a.</span> <span class='ocrx_word' id='word_1_74' title='bbox 457 641 492 675; x_wconf 90' lang='lat' dir='ltr'>in</span> <span class='ocrx_word' id='word_1_75' title='bbox 518 639 629 683; x_wconf 85' lang='lat' dir='ltr'>Gall.,</span> <span class='ocrx_word' id='word_1_76' title='bbox 655 638 813 680; x_wconf 70' lang='lat' dir='ltr'>Britan,</span> <span class='ocrx_word' id='word_1_77' title='bbox 839 636 956 681; x_wconf 87' lang='lat' dir='ltr'>Belg.,</span> <span class='ocrx_word' id='word_1_78' title='bbox 982 636 1130 680; x_wconf 83' lang='lat' dir='ltr'><strong>Europa</strong></span> <span class='ocrx_word' id='word_1_79' title='bbox 1154 634 1243 670; x_wconf 89' lang='lat' dir='ltr'>med.</span> <span class='ocrx_word' id='word_1_80' title='bbox 1269 634 1313 669; x_wconf 85' lang='lat' dir='ltr'>ad</span> <span class='ocrx_word' id='word_1_81' title='bbox 1340 634 1580 669; x_wconf 84' lang='lat' dir='ltr'>Transsilvan.</span> <span class='ocrx_word' id='word_1_82' title='bbox 1609 638 1643 669; x_wconf 89' lang='lat' dir='ltr'>et</span> <span class='ocrx_word' id='word_1_83' title='bbox 1667 632 1885 668; x_wconf 89' lang='lat' dir='ltr'>Bucovinam</span> 
     </span>
     <span class='ocr_line' id='line_1_10' title="bbox 234 683 1161 734; baseline -0.008 -10"><span class='ocrx_word' id='word_1_84' title='bbox 234 700 344 734; x_wconf 85' lang='lat' dir='ltr'>usque</span> <span class='ocrx_word' id='word_1_85' title='bbox 371 688 535 733; x_wconf 79' lang='lat' dir='ltr'>(Alpibus</span> <span class='ocrx_word' id='word_1_86' title='bbox 561 685 724 731; x_wconf 57' lang='lat' dir='ltr'>except),</span> <span class='ocrx_word' id='word_1_87' title='bbox 751 684 830 719; x_wconf 81' lang='lat' dir='ltr'>Ital.</span> <span class='ocrx_word' id='word_1_88' title='bbox 856 694 983 728; x_wconf 86' lang='lat' dir='ltr'>super.,</span> <span class='ocrx_word' id='word_1_89' title='bbox 1011 683 1161 718; x_wconf 81' lang='lat' dir='ltr'>Oroatia.</span> 
     </span>
    </p>
   </div>
   <div class='ocr_carea' id='block_1_4' title="bbox 230 748 1891 1038">
    <p class='ocr_par' dir='ltr' id='par_1_4' title="bbox 230 748 1891 1038">
     <span class='ocr_line' id='line_1_11' title="bbox 279 748 1887 800; baseline -0.007 -6"><span class='ocrx_word' id='word_1_90' title='bbox 279 759 335 794; x_wconf 94' lang='lat' dir='ltr'>Ob</span> <span class='ocrx_word' id='word_1_91' title='bbox 350 770 376 793; x_wconf 89' lang='lat' dir='ltr'>s.</span> <span class='ocrx_word' id='word_1_92' title='bbox 428 757 484 792; x_wconf 86' lang='lat' dir='ltr'>Ad</span> <span class='ocrx_word' id='word_1_93' title='bbox 511 767 583 792; x_wconf 86' lang='lat' dir='ltr'>var.</span> <span class='ocrx_word' id='word_1_94' title='bbox 610 758 647 796; x_wconf 79' lang='grc' dir='ltr'>β,</span> <span class='ocrx_word' id='word_1_95' title='bbox 676 754 804 800; x_wconf 82' lang='lat' dir='ltr'>stirpes</span> <span class='ocrx_word' id='word_1_96' title='bbox 830 764 949 789; x_wconf 89' lang='lat' dir='ltr'>omnes</span> <span class='ocrx_word' id='word_1_97' title='bbox 975 754 1010 788; x_wconf 83' lang='lat' dir='ltr'>in</span> <span class='ocrx_word' id='word_1_98' title='bbox 1037 753 1212 795; x_wconf 87' lang='lat' dir='ltr'>Castellis,</span> <span class='ocrx_word' id='word_1_99' title='bbox 1244 750 1445 795; x_wconf 77' lang='lat' dir='ltr'>Aragonia.</span> <span class='ocrx_word' id='word_1_100' title='bbox 1473 750 1597 794; x_wconf 59' lang='lat' dir='ltr'>Catari„</span> <span class='ocrx_word' id='word_1_101' title='bbox 1623 760 1732 793; x_wconf 86' lang='lat' dir='ltr'>regno</span> <span class='ocrx_word' id='word_1_102' title='bbox 1757 748 1887 784; x_wconf 88' lang='lat' dir='ltr'>Valen-</span> 
     </span>
     <span class='ocr_line' id='line_1_12' title="bbox 230 795 1888 847; baseline -0.007 -5"><span class='ocrx_word' id='word_1_103' title='bbox 230 807 302 842; x_wconf 86' lang='lat' dir='ltr'>tino</span> <span class='ocrx_word' id='word_1_104' title='bbox 329 806 392 841; x_wconf 87' lang='lat' dir='ltr'>sub</span> <span class='ocrx_word' id='word_1_105' title='bbox 429 805 470 838; x_wconf 84' lang='lat' dir='ltr'>B.</span> <span class='ocrx_word' id='word_1_106' title='bbox 499 803 654 847; x_wconf 83' lang='lat' dir='ltr'>vulgaris</span> <span class='ocrx_word' id='word_1_107' title='bbox 680 802 818 836; x_wconf 84' lang='lat' dir='ltr'>nomine</span> <span class='ocrx_word' id='word_1_108' title='bbox 844 801 1020 836; x_wconf 81' lang='lat' dir='ltr'>indicatae</span> <span class='ocrx_word' id='word_1_109' title='bbox 1042 799 1139 835; x_wconf 83' lang='lat' dir='ltr'>haud</span> <span class='ocrx_word' id='word_1_110' title='bbox 1165 799 1268 834; x_wconf 86' lang='lat' dir='ltr'>dubie</span> <span class='ocrx_word' id='word_1_111' title='bbox 1292 797 1501 834; x_wconf 78' lang='lat' dir='ltr'>referendae</span> <span class='ocrx_word' id='word_1_112' title='bbox 1528 800 1620 841; x_wconf 79' lang='lat' dir='ltr'>sunt,</span> <span class='ocrx_word' id='word_1_113' title='bbox 1646 797 1709 832; x_wconf 87' lang='lat' dir='ltr'>sed</span> <span class='ocrx_word' id='word_1_114' title='bbox 1732 807 1801 831; x_wconf 91' lang='lat' dir='ltr'>non</span> <span class='ocrx_word' id='word_1_115' title='bbox 1820 795 1888 831; x_wconf 89' lang='lat' dir='ltr'>nisi</span> 
     </span>
     <span class='ocr_line' id='line_1_13' title="bbox 231 843 1888 893; baseline -0.006 -6"><span class='ocrx_word' id='word_1_116' title='bbox 231 853 309 888; x_wconf 86' lang='lat' dir='ltr'>illas</span> <span class='ocrx_word' id='word_1_117' title='bbox 335 852 503 888; x_wconf 84' lang='lat' dir='ltr'>stationes</span> <span class='ocrx_word' id='word_1_118' title='bbox 537 849 814 893; x_wconf 85' lang='lat' dir='ltr'>commemoravi,</span> <span class='ocrx_word' id='word_1_119' title='bbox 839 848 931 883; x_wconf 86' lang='lat' dir='ltr'>unde</span> <span class='ocrx_word' id='word_1_120' title='bbox 958 848 1152 893; x_wconf 79' lang='lat' dir='ltr'>specimina</span> <span class='ocrx_word' id='word_1_121' title='bbox 1176 851 1258 882; x_wconf 86' lang='lat' dir='ltr'>ante</span> <span class='ocrx_word' id='word_1_122' title='bbox 1285 847 1404 882; x_wconf 88' lang='lat' dir='ltr'>oculos</span> <span class='ocrx_word' id='word_1_123' title='bbox 1430 845 1550 880; x_wconf 90' lang='lat' dir='ltr'>habui.</span> <span class='ocrx_word' id='word_1_124' title='bbox 1575 864 1620 869; x_wconf 93' lang='lat'>—</span> <span class='ocrx_word' id='word_1_125' title='bbox 1645 845 1688 879; x_wconf 88' lang='lat' dir='ltr'>A.</span> <span class='ocrx_word' id='word_1_126' title='bbox 1712 843 1888 878; x_wconf 82' lang='lat' dir='ltr'>viscosa</span> 
     </span>
     <span class='ocr_line' id='line_1_14' title="bbox 234 889 1891 943; baseline -0.007 -8"><span class='ocrx_word' id='word_1_127' title='bbox 234 900 331 935; x_wconf 80' lang='lat' dir='ltr'>Gon.</span> <span class='ocrx_word' id='word_1_128' title='bbox 362 899 418 933; x_wconf 89' lang='lat' dir='ltr'>Ill.</span> <span class='ocrx_word' id='word_1_129' title='bbox 444 911 477 943; x_wconf 85' lang='lat' dir='ltr'>p.</span> <span class='ocrx_word' id='word_1_130' title='bbox 504 900 567 941; x_wconf 78' lang='lat'>33,</span> <span class='ocrx_word' id='word_1_131' title='bbox 601 903 623 932; x_wconf 78' lang='lat' dir='ltr'>t.</span> <span class='ocrx_word' id='word_1_132' title='bbox 658 897 721 940; x_wconf 84' lang='lat'>19,</span> <span class='ocrx_word' id='word_1_133' title='bbox 748 895 772 931; x_wconf 85' lang='lat' dir='ltr'>f.</span> <span class='ocrx_word' id='word_1_134' title='bbox 804 898 846 932; x_wconf 81' lang='lat'>1!</span> <span class='ocrx_word' id='word_1_135' title='bbox 887 906 954 931; x_wconf 81' lang='lat' dir='ltr'>seo.</span> <span class='ocrx_word' id='word_1_136' title='bbox 981 896 1024 930; x_wconf 85' lang='lat' dir='ltr'>cl.</span> <span class='ocrx_word' id='word_1_137' title='bbox 1051 895 1276 929; x_wconf 73' lang='lat' dir='ltr'>ZiMMETER</span> <span class='ocrx_word' id='word_1_138' title='bbox 1315 892 1491 939; x_wconf 82' lang='lat' dir='ltr'>(Aquileg.</span> <span class='ocrx_word' id='word_1_139' title='bbox 1519 904 1552 937; x_wconf 88' lang='lat' dir='ltr'>p.</span> <span class='ocrx_word' id='word_1_140' title='bbox 1581 892 1661 936; x_wconf 80' lang='grc'>521)</span> <span class='ocrx_word' id='word_1_141' title='bbox 1698 889 1891 937; x_wconf 80' lang='lat' dir='ltr'>probabili-</span> 
     </span>
     <span class='ocr_line' id='line_1_15' title="bbox 233 937 1891 986; baseline -0.007 -4"><span class='ocrx_word' id='word_1_142' title='bbox 233 954 286 983; x_wconf 88' lang='lat' dir='ltr'>ter</span> <span class='ocrx_word' id='word_1_143' title='bbox 313 946 357 981; x_wconf 88' lang='lat' dir='ltr'>ad</span> <span class='ocrx_word' id='word_1_144' title='bbox 377 946 417 980; x_wconf 92' lang='lat' dir='ltr'>A.</span> <span class='ocrx_word' id='word_1_145' title='bbox 437 945 542 981; x_wconf 89' lang='lat' dir='ltr'>Eins</span> <span class='ocrx_word' id='word_1_146' title='bbox 555 945 750 979; x_wconf 85' lang='lat' dir='ltr'>eleanam</span> <span class='ocrx_word' id='word_1_147' title='bbox 774 943 816 978; x_wconf 88' lang='lat' dir='ltr'>F.</span> <span class='ocrx_word' id='word_1_148' title='bbox 843 942 1027 978; x_wconf 81' lang='lat' dir='ltr'>SOHULTZ</span> <span class='ocrx_word' id='word_1_149' title='bbox 1059 941 1218 977; x_wconf 85' lang='lat' dir='ltr'>ducenda</span> <span class='ocrx_word' id='word_1_150' title='bbox 1243 946 1309 986; x_wconf 86' lang='lat' dir='ltr'>est,</span> <span class='ocrx_word' id='word_1_151' title='bbox 1335 940 1430 975; x_wconf 89' lang='lat' dir='ltr'>nullo</span> <span class='ocrx_word' id='word_1_152' title='bbox 1455 939 1557 975; x_wconf 88' lang='lat' dir='ltr'>modo</span> <span class='ocrx_word' id='word_1_153' title='bbox 1581 949 1663 974; x_wconf 89' lang='lat' dir='ltr'>vero</span> <span class='ocrx_word' id='word_1_154' title='bbox 1688 938 1733 974; x_wconf 82' lang='lat' dir='ltr'>ad</span> <span class='ocrx_word' id='word_1_155' title='bbox 1751 938 1793 974; x_wconf 89' lang='lat' dir='ltr'>A.</span> <span class='ocrx_word' id='word_1_156' title='bbox 1818 937 1891 972; x_wconf 88' lang='lat' dir='ltr'>vul-</span> 
     </span>
     <span class='ocr_line' id='line_1_16' title="bbox 230 993 505 1038; baseline -0.004 -10"><span class='ocrx_word' id='word_1_157' title='bbox 230 994 326 1038; x_wconf 76' lang='lat' dir='ltr'>garis</span> <span class='ocrx_word' id='word_1_158' title='bbox 361 993 505 1028; x_wconf 83' lang='lat' dir='ltr'>formas.</span> 
     </span>
    </p>
   </div>
   <div class='ocr_carea' id='block_1_5' title="bbox 189 1068 1897 1682">
    <p class='ocr_par' dir='ltr' id='par_1_5' title="bbox 189 1068 1897 1682">
     <span class='ocr_line' id='line_1_17' title="bbox 284 1068 1892 1112; baseline -0.004 -3"><span class='ocrx_word' id='word_1_159' title='bbox 284 1076 387 1109; x_wconf 88' lang='grc'>5065.</span> <span class='ocrx_word' id='word_1_160' title='bbox 435 1076 484 1108; x_wconf 91' lang='lat' dir='ltr'>A.</span> <span class='ocrx_word' id='word_1_161' title='bbox 509 1073 776 1107; x_wconf 81' lang='lat' dir='ltr'>Nevadensis</span> <span class='ocrx_word' id='word_1_162' title='bbox 810 1070 895 1105; x_wconf 80' lang='lat' dir='ltr'>BSS.</span> <span class='ocrx_word' id='word_1_163' title='bbox 927 1070 1053 1105; x_wconf 82' lang='lat' dir='ltr'>REUT.</span> <span class='ocrx_word' id='word_1_164' title='bbox 1079 1071 1171 1106; x_wconf 88' lang='lat' dir='ltr'>Ann.</span> <span class='ocrx_word' id='word_1_165' title='bbox 1197 1079 1248 1104; x_wconf 87' lang='lat' dir='ltr'>sc.</span> <span class='ocrx_word' id='word_1_166' title='bbox 1273 1074 1345 1104; x_wconf 86' lang='lat' dir='ltr'>nat.</span> <span class='ocrx_word' id='word_1_167' title='bbox 1373 1079 1440 1104; x_wconf 92' lang='lat' dir='ltr'>ser.</span> <span class='ocrx_word' id='word_1_168' title='bbox 1468 1068 1540 1112; x_wconf 87' lang='lat' dir='ltr'>Vl,</span> <span class='ocrx_word' id='word_1_169' title='bbox 1565 1072 1649 1102; x_wconf 91' lang='lat' dir='ltr'>tom.</span> <span class='ocrx_word' id='word_1_170' title='bbox 1677 1069 1713 1109; x_wconf 87' lang='lat'>2,</span> <span class='ocrx_word' id='word_1_171' title='bbox 1741 1079 1774 1112; x_wconf 89' lang='lat' dir='ltr'>p.</span> <span class='ocrx_word' id='word_1_172' title='bbox 1802 1068 1892 1102; x_wconf 74' lang='lat'>380!</span> 
     </span>
     <span class='ocr_line' id='line_1_18' title="bbox 189 1113 1890 1163; baseline -0.005 -7"><span class='ocrx_word' id='word_1_173' title='bbox 189 1122 329 1156; x_wconf 86' lang='lat' dir='ltr'>WALP.</span> <span class='ocrx_word' id='word_1_174' title='bbox 354 1121 480 1155; x_wconf 88' lang='lat' dir='ltr'>Annal.</span> <span class='ocrx_word' id='word_1_175' title='bbox 507 1120 569 1163; x_wconf 92' lang='lat' dir='ltr'>IV,</span> <span class='ocrx_word' id='word_1_176' title='bbox 605 1131 639 1163; x_wconf 89' lang='lat' dir='ltr'>p.</span> <span class='ocrx_word' id='word_1_177' title='bbox 666 1119 728 1154; x_wconf 75' lang='lat'>25!</span> <span class='ocrx_word' id='word_1_178' title='bbox 765 1119 821 1157; x_wconf 91' lang='lat' dir='ltr'>(A.</span> <span class='ocrx_word' id='word_1_179' title='bbox 859 1117 1014 1160; x_wconf 77' lang='lat' dir='ltr'>vulgaris</span> <span class='ocrx_word' id='word_1_180' title='bbox 1039 1128 1111 1151; x_wconf 91' lang='lat' dir='ltr'>var.</span> <span class='ocrx_word' id='word_1_181' title='bbox 1136 1117 1272 1152; x_wconf 85' lang='lat' dir='ltr'>viscosa</span> <span class='ocrx_word' id='word_1_182' title='bbox 1297 1117 1382 1151; x_wconf 81' lang='lat' dir='ltr'>BSS.</span> <span class='ocrx_word' id='word_1_183' title='bbox 1409 1116 1498 1161; x_wconf 82' lang='lat' dir='ltr'>Voy.</span> <span class='ocrx_word' id='word_1_184' title='bbox 1536 1116 1608 1150; x_wconf 93' lang='lat' dir='ltr'>bot.</span> <span class='ocrx_word' id='word_1_185' title='bbox 1644 1127 1678 1159; x_wconf 89' lang='lat' dir='ltr'>p.</span> <span class='ocrx_word' id='word_1_186' title='bbox 1706 1115 1776 1148; x_wconf 72' lang='lat'>12?</span> <span class='ocrx_word' id='word_1_187' title='bbox 1801 1113 1890 1148; x_wconf 86' lang='lat' dir='ltr'>excl.</span> 
     </span>
     <span class='ocr_line' id='line_1_19' title="bbox 191 1160 1887 1214; baseline -0.006 -10"><span class='ocrx_word' id='word_1_188' title='bbox 191 1180 312 1214; x_wconf 72' lang='lat' dir='ltr'>synon.</span> <span class='ocrx_word' id='word_1_189' title='bbox 336 1168 481 1209; x_wconf 75' lang='lat' dir='ltr'>Gonan,</span> <span class='ocrx_word' id='word_1_190' title='bbox 509 1167 603 1201; x_wconf 86' lang='lat' dir='ltr'>AMO</span> <span class='ocrx_word' id='word_1_191' title='bbox 628 1166 651 1199; x_wconf 90' lang='lat' dir='ltr'>l.</span> <span class='ocrx_word' id='word_1_192' title='bbox 677 1176 706 1200; x_wconf 86' lang='lat' dir='ltr'>c.</span> <span class='ocrx_word' id='word_1_193' title='bbox 732 1174 775 1199; x_wconf 86' lang='lat' dir='ltr'>ex</span> <span class='ocrx_word' id='word_1_194' title='bbox 800 1164 862 1209; x_wconf 90' lang='lat' dir='ltr'>p.).</span> <span class='ocrx_word' id='word_1_195' title='bbox 911 1164 1040 1200; x_wconf 86' lang='lat' dir='ltr'>Differt</span> <span class='ocrx_word' id='word_1_196' title='bbox 1073 1175 1095 1199; x_wconf 83' lang='lat' dir='ltr'>a</span> <span class='ocrx_word' id='word_1_197' title='bbox 1130 1163 1294 1210; x_wconf 82' lang='lat' dir='ltr'>praeced.</span> <span class='ocrx_word' id='word_1_198' title='bbox 1333 1163 1481 1198; x_wconf 84' lang='lat' dir='ltr'>floribus</span> <span class='ocrx_word' id='word_1_199' title='bbox 1514 1161 1656 1197; x_wconf 83' lang='lat' dir='ltr'>sordide</span> <span class='ocrx_word' id='word_1_200' title='bbox 1682 1167 1718 1196; x_wconf 88' lang='lat' dir='ltr'>et</span> <span class='ocrx_word' id='word_1_201' title='bbox 1755 1160 1887 1205; x_wconf 88' lang='lat' dir='ltr'>pallide</span> 
     </span>
     <span class='ocr_line' id='line_1_20' title="bbox 189 1207 1894 1260; baseline -0.006 -9"><span class='ocrx_word' id='word_1_202' title='bbox 189 1215 370 1260; x_wconf 76' lang='lat' dir='ltr'>coeruleis,</span> <span class='ocrx_word' id='word_1_203' title='bbox 395 1214 592 1249; x_wconf 87' lang='lat' dir='ltr'>calcaribus</span> <span class='ocrx_word' id='word_1_204' title='bbox 618 1212 771 1247; x_wconf 86' lang='lat' dir='ltr'>incurvis</span> <span class='ocrx_word' id='word_1_205' title='bbox 799 1213 880 1256; x_wconf 90' lang='lat' dir='ltr'>(non</span> <span class='ocrx_word' id='word_1_206' title='bbox 898 1211 1107 1252; x_wconf 80' lang='lat' dir='ltr'>uncinatis).</span> <span class='ocrx_word' id='word_1_207' title='bbox 1134 1212 1236 1257; x_wconf 81' lang='lat' dir='ltr'>stylis</span> <span class='ocrx_word' id='word_1_208' title='bbox 1263 1211 1414 1245; x_wconf 85' lang='lat' dir='ltr'>stamina</span> <span class='ocrx_word' id='word_1_209' title='bbox 1439 1209 1701 1254; x_wconf 75' lang='lat' dir='ltr'>superantibus,</span> <span class='ocrx_word' id='word_1_210' title='bbox 1726 1207 1894 1243; x_wconf 82' lang='lat' dir='ltr'>folliculis</span> 
     </span>
     <span class='ocr_line' id='line_1_21' title="bbox 190 1255 1894 1302; baseline -0.006 -4"><span class='ocrx_word' id='word_1_211' title='bbox 190 1275 257 1298; x_wconf 87' lang='lat' dir='ltr'>non</span> <span class='ocrx_word' id='word_1_212' title='bbox 275 1261 479 1297; x_wconf 84' lang='lat' dir='ltr'>ventricosis</span> <span class='ocrx_word' id='word_1_213' title='bbox 497 1260 625 1295; x_wconf 89' lang='lat' dir='ltr'>erectis</span> <span class='ocrx_word' id='word_1_214' title='bbox 644 1258 688 1294; x_wconf 84' lang='lat' dir='ltr'>ad</span> <span class='ocrx_word' id='word_1_215' title='bbox 707 1259 844 1302; x_wconf 84' lang='lat' dir='ltr'>apicem</span> <span class='ocrx_word' id='word_1_216' title='bbox 862 1269 972 1302; x_wconf 85' lang='lat' dir='ltr'>usque</span> <span class='ocrx_word' id='word_1_217' title='bbox 988 1257 1181 1302; x_wconf 83' lang='lat' dir='ltr'>adpressis.</span> <span class='ocrx_word' id='word_1_218' title='bbox 1201 1279 1243 1284; x_wconf 92' lang='lat'>—</span> <span class='ocrx_word' id='word_1_219' title='bbox 1263 1256 1625 1302; x_wconf 66' lang='lat' dir='ltr'>sesqui-bipedalis,</span> <span class='ocrx_word' id='word_1_220' title='bbox 1644 1261 1774 1294; x_wconf 77' lang='lat' dir='ltr'>erecta,</span> <span class='ocrx_word' id='word_1_221' title='bbox 1794 1255 1894 1289; x_wconf 84' lang='lat' dir='ltr'>caule</span> 
     </span>
     <span class='ocr_line' id='line_1_22' title="bbox 193 1302 1897 1351; baseline -0.006 -6"><span class='ocrx_word' id='word_1_222' title='bbox 193 1308 526 1351; x_wconf 70' lang='lat' dir='ltr'>angulato-sulcato,</span> <span class='ocrx_word' id='word_1_223' title='bbox 553 1317 704 1348; x_wconf 83' lang='lat' dir='ltr'>ramoso,</span> <span class='ocrx_word' id='word_1_224' title='bbox 729 1305 938 1350; x_wconf 88' lang='lat' dir='ltr'>floribundo,</span> <span class='ocrx_word' id='word_1_225' title='bbox 964 1315 1072 1350; x_wconf 80' lang='lat' dir='ltr'>parce</span> <span class='ocrx_word' id='word_1_226' title='bbox 1097 1305 1285 1350; x_wconf 87' lang='lat' dir='ltr'>puberulo;</span> <span class='ocrx_word' id='word_1_227' title='bbox 1312 1305 1406 1339; x_wconf 88' lang='lat' dir='ltr'>foliis</span> <span class='ocrx_word' id='word_1_228' title='bbox 1419 1304 1636 1340; x_wconf 82' lang='lat' dir='ltr'>basilaribus</span> <span class='ocrx_word' id='word_1_229' title='bbox 1655 1303 1758 1345; x_wconf 84' lang='lat' dir='ltr'>longe</span> <span class='ocrx_word' id='word_1_230' title='bbox 1783 1302 1897 1346; x_wconf 88' lang='lat' dir='ltr'>petio-</span> 
     </span>
     <span class='ocr_line' id='line_1_23' title="bbox 191 1349 1897 1397; baseline -0.005 -6"><span class='ocrx_word' id='word_1_231' title='bbox 191 1357 272 1392; x_wconf 84' lang='lat' dir='ltr'>latis</span> <span class='ocrx_word' id='word_1_232' title='bbox 298 1354 593 1397; x_wconf 87' lang='lat' dir='ltr'>biternatisectis,</span> <span class='ocrx_word' id='word_1_233' title='bbox 637 1352 765 1387; x_wconf 86' lang='lat' dir='ltr'>caulin.</span> <span class='ocrx_word' id='word_1_234' title='bbox 792 1352 937 1387; x_wconf 86' lang='lat' dir='ltr'>summis</span> <span class='ocrx_word' id='word_1_235' title='bbox 962 1352 1258 1396; x_wconf 81' lang='lat' dir='ltr'>ternatipartitis,</span> <span class='ocrx_word' id='word_1_236' title='bbox 1296 1352 1457 1386; x_wconf 87' lang='lat' dir='ltr'>omnibus</span> <span class='ocrx_word' id='word_1_237' title='bbox 1493 1351 1657 1394; x_wconf 86' lang='lat' dir='ltr'>utrinque</span> <span class='ocrx_word' id='word_1_238' title='bbox 1683 1349 1897 1394; x_wconf 83' lang='lat' dir='ltr'>petiolisque</span> 
     </span>
     <span class='ocr_line' id='line_1_24' title="bbox 192 1397 1893 1446; baseline -0.005 -7"><span class='ocrx_word' id='word_1_239' title='bbox 192 1404 297 1439; x_wconf 83' lang='lat' dir='ltr'>dense</span> <span class='ocrx_word' id='word_1_240' title='bbox 322 1400 764 1446; x_wconf 81' lang='lat' dir='ltr'>viscoso-pubescentibus,</span> <span class='ocrx_word' id='word_1_241' title='bbox 791 1399 1110 1443; x_wconf 80' lang='lat' dir='ltr'>glaucescentibuS,</span> <span class='ocrx_word' id='word_1_242' title='bbox 1137 1399 1326 1440; x_wconf 67' lang='lat' dir='ltr'>segmentis</span> <span class='ocrx_word' id='word_1_243' title='bbox 1351 1398 1465 1433; x_wconf 87' lang='lat' dir='ltr'>folior.</span> <span class='ocrx_word' id='word_1_244' title='bbox 1494 1397 1649 1431; x_wconf 86' lang='lat' dir='ltr'>inferior.</span> <span class='ocrx_word' id='word_1_245' title='bbox 1676 1397 1839 1431; x_wconf 87' lang='lat' dir='ltr'>obovato-</span> <span class='ocrx_word' id='word_1_246' title='bbox 1863 1408 1893 1430; x_wconf 88' lang='lat' dir='ltr'>v.</span> 
     </span>
     <span class='ocr_line' id='line_1_25' title="bbox 192 1443 1897 1491; baseline -0.006 -5"><span class='ocrx_word' id='word_1_247' title='bbox 192 1448 584 1486; x_wconf 83' lang='lat' dir='ltr'>subrotundo—cuneatis</span> <span class='ocrx_word' id='word_1_248' title='bbox 603 1447 752 1491; x_wconf 86' lang='lat' dir='ltr'>trilobis,</span> <span class='ocrx_word' id='word_1_249' title='bbox 778 1446 871 1481; x_wconf 89' lang='lat' dir='ltr'>lobis</span> <span class='ocrx_word' id='word_1_250' title='bbox 897 1447 1021 1481; x_wconf 89' lang='lat' dir='ltr'>obtuse</span> <span class='ocrx_word' id='word_1_251' title='bbox 1040 1446 1335 1489; x_wconf 62' lang='lat' dir='ltr'>4—-5-10bulatis3</span> <span class='ocrx_word' id='word_1_252' title='bbox 1360 1445 1506 1480; x_wconf 87' lang='lat' dir='ltr'>floribus</span> <span class='ocrx_word' id='word_1_253' title='bbox 1524 1445 1567 1479; x_wconf 90' lang='lat' dir='ltr'>iis</span> <span class='ocrx_word' id='word_1_254' title='bbox 1585 1444 1627 1478; x_wconf 88' lang='lat' dir='ltr'>A.</span> <span class='ocrx_word' id='word_1_255' title='bbox 1653 1444 1807 1486; x_wconf 82' lang='lat' dir='ltr'>vulgaris</span> <span class='ocrx_word' id='word_1_256' title='bbox 1833 1443 1897 1477; x_wconf 90' lang='lat' dir='ltr'>mi-</span> 
     </span>
     <span class='ocr_line' id='line_1_26' title="bbox 190 1489 1896 1541; baseline -0.006 -8"><span class='ocrx_word' id='word_1_257' title='bbox 190 1498 345 1541; x_wconf 88' lang='lat' dir='ltr'>noribus,</span> <span class='ocrx_word' id='word_1_258' title='bbox 372 1495 502 1541; x_wconf 87' lang='lat' dir='ltr'>sepalis</span> <span class='ocrx_word' id='word_1_259' title='bbox 528 1493 902 1537; x_wconf 67' lang='lat' dir='ltr'>oblongo-lanceolatis</span> <span class='ocrx_word' id='word_1_260' title='bbox 918 1522 926 1535; x_wconf 85' lang='lat'>,</span> <span class='ocrx_word' id='word_1_261' title='bbox 951 1494 1149 1528; x_wconf 79' lang='lat' dir='ltr'>calcaribus</span> <span class='ocrx_word' id='word_1_262' title='bbox 1173 1493 1282 1527; x_wconf 87' lang='lat' dir='ltr'>limbo</span> <span class='ocrx_word' id='word_1_263' title='bbox 1307 1493 1504 1537; x_wconf 87' lang='lat' dir='ltr'>petalorum</span> <span class='ocrx_word' id='word_1_264' title='bbox 1528 1489 1896 1527; x_wconf 85' lang='lat' dir='ltr'>truncato-rotundato</span> 
     </span>
     <span class='ocr_line' id='line_1_27' title="bbox 190 1536 1895 1587; baseline -0.005 -8"><span class='ocrx_word' id='word_1_265' title='bbox 190 1544 418 1587; x_wconf 61' lang='lat' dir='ltr'>longioribus,</span> <span class='ocrx_word' id='word_1_266' title='bbox 445 1542 603 1577; x_wconf 82' lang='lat' dir='ltr'>antheris</span> <span class='ocrx_word' id='word_1_267' title='bbox 629 1540 780 1576; x_wconf 86' lang='lat' dir='ltr'>exsertis</span> <span class='ocrx_word' id='word_1_268' title='bbox 799 1540 1091 1583; x_wconf 79' lang='lat' dir='ltr'>ovato-oblongis,</span> <span class='ocrx_word' id='word_1_269' title='bbox 1118 1539 1338 1576; x_wconf 82' lang='lat' dir='ltr'>staminodiis</span> <span class='ocrx_word' id='word_1_270' title='bbox 1355 1539 1562 1574; x_wconf 86' lang='lat' dir='ltr'>lanceolatis</span> <span class='ocrx_word' id='word_1_271' title='bbox 1579 1537 1778 1582; x_wconf 81' lang='lat' dir='ltr'>undulatis3</span> <span class='ocrx_word' id='word_1_272' title='bbox 1804 1536 1895 1571; x_wconf 90' lang='lat' dir='ltr'>folli-</span> 
     </span>
     <span class='ocr_line' id='line_1_28' title="bbox 194 1584 1896 1635; baseline -0.005 -8"><span class='ocrx_word' id='word_1_273' title='bbox 194 1593 283 1627; x_wconf 87' lang='lat' dir='ltr'>culis</span> <span class='ocrx_word' id='word_1_274' title='bbox 316 1588 676 1635; x_wconf 81' lang='lat' dir='ltr'>viscoso-puberulis,</span> <span class='ocrx_word' id='word_1_275' title='bbox 713 1593 912 1623; x_wconf 85' lang='lat' dir='ltr'>transverse</span> <span class='ocrx_word' id='word_1_276' title='bbox 938 1588 1094 1631; x_wconf 84' lang='lat' dir='ltr'>rugosis,</span> <span class='ocrx_word' id='word_1_277' title='bbox 1134 1587 1324 1623; x_wconf 86' lang='lat' dir='ltr'>seminibus</span> <span class='ocrx_word' id='word_1_278' title='bbox 1350 1586 1551 1621; x_wconf 80' lang='lat' dir='ltr'>semiovatis</span> <span class='ocrx_word' id='word_1_279' title='bbox 1576 1585 1752 1629; x_wconf 83' lang='lat' dir='ltr'>angulatis</span> <span class='ocrx_word' id='word_1_280' title='bbox 1777 1584 1896 1619; x_wconf 85' lang='lat' dir='ltr'>nitidis</span> 
     </span>
     <span class='ocr_line' id='line_1_29' title="bbox 195 1635 765 1682; baseline -0.009 -8"><span class='ocrx_word' id='word_1_281' title='bbox 195 1638 346 1675; x_wconf 87' lang='lat' dir='ltr'>tenuiter</span> <span class='ocrx_word' id='word_1_282' title='bbox 370 1636 547 1682; x_wconf 87' lang='lat' dir='ltr'>punctatis</span> <span class='ocrx_word' id='word_1_283' title='bbox 573 1638 629 1679; x_wconf 82' lang='lat' dir='ltr'>(ex</span> <span class='ocrx_word' id='word_1_284' title='bbox 654 1635 765 1679; x_wconf 84' lang='lat' dir='ltr'>BSS.).</span> 
     </span>
    </p>
   </div>
   <div class='ocr_carea' id='block_1_6' title="bbox 241 1689 1898 1926">
    <p class='ocr_par' dir='ltr' id='par_1_6' title="bbox 241 1689 1898 1926">
     <span class='ocr_line' id='line_1_30' title="bbox 288 1689 1898 1736; baseline -0.003 -8"><span class='ocrx_word' id='word_1_285' title='bbox 288 1695 328 1729; x_wconf 87' lang='lat' dir='ltr'>In</span> <span class='ocrx_word' id='word_1_286' title='bbox 353 1695 439 1730; x_wconf 88' lang='lat' dir='ltr'>locis</span> <span class='ocrx_word' id='word_1_287' title='bbox 465 1693 618 1728; x_wconf 87' lang='lat' dir='ltr'>dumosis</span> <span class='ocrx_word' id='word_1_288' title='bbox 643 1692 818 1727; x_wconf 89' lang='lat' dir='ltr'>umbrosis</span> <span class='ocrx_word' id='word_1_289' title='bbox 843 1692 997 1736; x_wconf 80' lang='lat' dir='ltr'>regionis</span> <span class='ocrx_word' id='word_1_290' title='bbox 1022 1696 1177 1726; x_wconf 88' lang='lat' dir='ltr'>montan.</span> <span class='ocrx_word' id='word_1_291' title='bbox 1203 1696 1238 1726; x_wconf 81' lang='lat' dir='ltr'>et</span> <span class='ocrx_word' id='word_1_292' title='bbox 1265 1691 1441 1736; x_wconf 83' lang='lat' dir='ltr'>subalpin.</span> <span class='ocrx_word' id='word_1_293' title='bbox 1468 1690 1569 1734; x_wconf 85' lang='lat' dir='ltr'>regni</span> <span class='ocrx_word' id='word_1_294' title='bbox 1587 1690 1733 1725; x_wconf 86' lang='lat' dir='ltr'>Granat.</span> <span class='ocrx_word' id='word_1_295' title='bbox 1759 1689 1898 1734; x_wconf 86' lang='lat' dir='ltr'>passim</span> 
     </span>
     <span class='ocr_line' id='line_1_31' title="bbox 241 1737 1896 1784; baseline -0.004 -8"><span class='ocrx_word' id='word_1_296' title='bbox 241 1742 284 1776; x_wconf 83' lang='lat' dir='ltr'>ad</span> <span class='ocrx_word' id='word_1_297' title='bbox 311 1741 370 1776; x_wconf 85' lang='lat' dir='ltr'>alt.</span> <span class='ocrx_word' id='word_1_298' title='bbox 396 1742 570 1775; x_wconf 82' lang='lat'>4—6000¹</span> <span class='ocrx_word' id='word_1_299' title='bbox 597 1739 733 1784; x_wconf 85' lang='lat' dir='ltr'>(Sierra</span> <span class='ocrx_word' id='word_1_300' title='bbox 758 1738 915 1782; x_wconf 81' lang='lat' dir='ltr'>Nevada,</span> <span class='ocrx_word' id='word_1_301' title='bbox 940 1739 1000 1773; x_wconf 92' lang='lat' dir='ltr'>ubi</span> <span class='ocrx_word' id='word_1_302' title='bbox 1028 1749 1090 1782; x_wconf 85' lang='lat' dir='ltr'>ego</span> <span class='ocrx_word' id='word_1_303' title='bbox 1117 1738 1192 1773; x_wconf 89' lang='lat' dir='ltr'>loco</span> <span class='ocrx_word' id='word_1_304' title='bbox 1219 1739 1363 1774; x_wconf 88' lang='lat' dir='ltr'>Dehesa</span> <span class='ocrx_word' id='word_1_305' title='bbox 1402 1738 1444 1773; x_wconf 88' lang='lat' dir='ltr'>de</span> <span class='ocrx_word' id='word_1_306' title='bbox 1468 1738 1506 1773; x_wconf 84' lang='lat' dir='ltr'>la</span> <span class='ocrx_word' id='word_1_307' title='bbox 1530 1737 1669 1773; x_wconf 83' lang='lat' dir='ltr'>Vibora</span> <span class='ocrx_word' id='word_1_308' title='bbox 1693 1737 1775 1771; x_wconf 82' lang='lat' dir='ltr'>Jun.</span> <span class='ocrx_word' id='word_1_309' title='bbox 1805 1737 1896 1770; x_wconf 79' lang='lat'>1845</span> 
     </span>
     <span class='ocr_line' id='line_1_32' title="bbox 242 1783 1898 1833; baseline -0.002 -12"><span class='ocrx_word' id='word_1_310' title='bbox 242 1790 333 1823; x_wconf 87' lang='lat' dir='ltr'>hanc</span> <span class='ocrx_word' id='word_1_311' title='bbox 358 1788 514 1833; x_wconf 85' lang='lat' dir='ltr'>plantam</span> <span class='ocrx_word' id='word_1_312' title='bbox 539 1788 672 1831; x_wconf 85' lang='lat' dir='ltr'>primus</span> <span class='ocrx_word' id='word_1_313' title='bbox 695 1786 885 1829; x_wconf 85' lang='lat' dir='ltr'>observavi,</span> <span class='ocrx_word' id='word_1_314' title='bbox 905 1785 1004 1829; x_wconf 85' lang='lat' dir='ltr'>WK.,</span> <span class='ocrx_word' id='word_1_315' title='bbox 1031 1785 1151 1820; x_wconf 87' lang='lat' dir='ltr'>Sierra</span> <span class='ocrx_word' id='word_1_316' title='bbox 1169 1785 1305 1830; x_wconf 90' lang='lat' dir='ltr'>Tejeda</span> <span class='ocrx_word' id='word_1_317' title='bbox 1328 1785 1405 1820; x_wconf 91' lang='lat' dir='ltr'>loco</span> <span class='ocrx_word' id='word_1_318' title='bbox 1431 1785 1569 1820; x_wconf 85' lang='lat' dir='ltr'>Fuente</span> <span class='ocrx_word' id='word_1_319' title='bbox 1600 1784 1657 1819; x_wconf 86' lang='lat' dir='ltr'>del</span> <span class='ocrx_word' id='word_1_320' title='bbox 1683 1784 1781 1829; x_wconf 87' lang='lat' dir='ltr'>Tejo,</span> <span class='ocrx_word' id='word_1_321' title='bbox 1799 1783 1898 1827; x_wconf 81' lang='lat' dir='ltr'>BSS.,</span> 
     </span>
     <span class='ocr_line' id='line_1_33' title="bbox 243 1830 1897 1877; baseline -0.002 -8"><span class='ocrx_word' id='word_1_322' title='bbox 243 1835 276 1869; x_wconf 87' lang='lat' dir='ltr'>S.</span> <span class='ocrx_word' id='word_1_323' title='bbox 295 1835 440 1869; x_wconf 84' lang='lat' dir='ltr'>Nevada</span> <span class='ocrx_word' id='word_1_324' title='bbox 459 1834 503 1868; x_wconf 83' lang='lat' dir='ltr'>ad</span> <span class='ocrx_word' id='word_1_325' title='bbox 521 1834 661 1874; x_wconf 87' lang='lat' dir='ltr'>rivulos,</span> <span class='ocrx_word' id='word_1_326' title='bbox 679 1833 763 1867; x_wconf 78' lang='lat' dir='ltr'>BSS.</span> <span class='ocrx_word' id='word_1_327' title='bbox 783 1833 853 1866; x_wconf 69' lang='grc' dir='ltr'>ΕΤ.</span> <span class='ocrx_word' id='word_1_328' title='bbox 874 1834 975 1876; x_wconf 83' lang='lat'>1849,</span> <span class='ocrx_word' id='word_1_329' title='bbox 994 1833 1029 1867; x_wconf 89' lang='lat' dir='ltr'>in</span> <span class='ocrx_word' id='word_1_330' title='bbox 1048 1833 1140 1867; x_wconf 83' lang='lat' dir='ltr'>valle</span> <span class='ocrx_word' id='word_1_331' title='bbox 1157 1832 1238 1867; x_wconf 89' lang='lat' dir='ltr'>fluv.</span> <span class='ocrx_word' id='word_1_332' title='bbox 1257 1832 1439 1867; x_wconf 85' lang='lat' dir='ltr'>Monacbil</span> <span class='ocrx_word' id='word_1_333' title='bbox 1458 1832 1645 1876; x_wconf 82' lang='lat' dir='ltr'>superiore</span> <span class='ocrx_word' id='word_1_334' title='bbox 1662 1842 1771 1877; x_wconf 86' lang='lat' dir='ltr'>supra</span> <span class='ocrx_word' id='word_1_335' title='bbox 1785 1831 1818 1867; x_wconf 82' lang='lat' dir='ltr'>S.</span> <span class='ocrx_word' id='word_1_336' title='bbox 1830 1830 1897 1865; x_wconf 88' lang='lat' dir='ltr'>Ge-</span> 
     </span>
     <span class='ocr_line' id='line_1_34' title="bbox 243 1878 1639 1926; baseline -0.002 -10"><span class='ocrx_word' id='word_1_337' title='bbox 243 1883 387 1926; x_wconf 80' lang='lat' dir='ltr'>ronimo,</span> <span class='ocrx_word' id='word_1_338' title='bbox 411 1881 648 1923; x_wconf 81' lang='lat' dir='ltr'>HEGELM.!).</span> <span class='ocrx_word' id='word_1_339' title='bbox 674 1900 717 1905; x_wconf 89' lang='lat'>—</span> <span class='ocrx_word' id='word_1_340' title='bbox 745 1887 780 1917; x_wconf 76' lang='lat'>22.</span> <span class='ocrx_word' id='word_1_341' title='bbox 808 1879 916 1924; x_wconf 84' lang='lat' dir='ltr'>Majo,</span> <span class='ocrx_word' id='word_1_342' title='bbox 942 1879 1023 1914; x_wconf 83' lang='lat' dir='ltr'>Jun.</span> <span class='ocrx_word' id='word_1_343' title='bbox 1050 1880 1092 1924; x_wconf 85' lang='lat' dir='ltr'>(v.</span> <span class='ocrx_word' id='word_1_344' title='bbox 1118 1881 1174 1923; x_wconf 87' lang='lat' dir='ltr'>v.).</span> <span class='ocrx_word' id='word_1_345' title='bbox 1228 1879 1463 1914; x_wconf 81' lang='lat' dir='ltr'>»Pelecanos«</span> <span class='ocrx_word' id='word_1_346' title='bbox 1494 1878 1639 1914; x_wconf 88' lang='lat' dir='ltr'>Granat.</span> 
     </span>
    </p>
   </div>
   <div class='ocr_carea' id='block_1_7' title="bbox 198 1959 1902 2569">
    <p class='ocr_par' dir='ltr' id='par_1_7' title="bbox 198 1959 1902 2569">
     <span class='ocr_line' id='line_1_35' title="bbox 295 1959 1898 2005; baseline -0.002 -8"><span class='ocrx_word' id='word_1_347' title='bbox 295 1963 398 1997; x_wconf 82' lang='lat'>5066.</span> <span class='ocrx_word' id='word_1_348' title='bbox 446 1964 495 1997; x_wconf 84' lang='lat' dir='ltr'>A.</span> <span class='ocrx_word' id='word_1_349' title='bbox 521 1963 754 2003; x_wconf 80' lang='lat' dir='ltr'>Pyrenaica</span> <span class='ocrx_word' id='word_1_350' title='bbox 779 1960 850 1995; x_wconf 85' lang='lat' dir='ltr'>DC.</span> <span class='ocrx_word' id='word_1_351' title='bbox 876 1960 931 1995; x_wconf 88' lang='lat' dir='ltr'>Fl.</span> <span class='ocrx_word' id='word_1_352' title='bbox 956 1959 1016 1993; x_wconf 80' lang='lat' dir='ltr'>Fr.</span> <span class='ocrx_word' id='word_1_353' title='bbox 1041 1959 1083 2000; x_wconf 80' lang='lat' dir='ltr'>V,</span> <span class='ocrx_word' id='word_1_354' title='bbox 1109 1971 1143 2004; x_wconf 86' lang='lat' dir='ltr'>p.</span> <span class='ocrx_word' id='word_1_355' title='bbox 1170 1959 1253 1994; x_wconf 85' lang='lat'>640!</span> <span class='ocrx_word' id='word_1_356' title='bbox 1281 1959 1374 2005; x_wconf 86' lang='lat' dir='ltr'>Syst.</span> <span class='ocrx_word' id='word_1_357' title='bbox 1400 1959 1428 2003; x_wconf 93' lang='grc' dir='ltr'>Ι,</span> <span class='ocrx_word' id='word_1_358' title='bbox 1454 1971 1488 2004; x_wconf 87' lang='lat' dir='ltr'>p.</span> <span class='ocrx_word' id='word_1_359' title='bbox 1507 1961 1590 1993; x_wconf 74' lang='lat'><strong>337!</strong></span> <span class='ocrx_word' id='word_1_360' title='bbox 1618 1959 1724 2003; x_wconf 87' lang='lat' dir='ltr'>(excl.</span> <span class='ocrx_word' id='word_1_361' title='bbox 1745 1960 1898 2004; x_wconf 66' lang='lat' dir='ltr'>synon),</span> 
     </span>
     <span class='ocr_line' id='line_1_36' title="bbox 198 2006 1896 2052; baseline -0.003 -8"><span class='ocrx_word' id='word_1_362' title='bbox 198 2009 269 2044; x_wconf 83' lang='lat' dir='ltr'>GR.</span> <span class='ocrx_word' id='word_1_363' title='bbox 302 2009 429 2044; x_wconf 80' lang='lat' dir='ltr'>GODR.</span> <span class='ocrx_word' id='word_1_364' title='bbox 456 2009 478 2043; x_wconf 95' lang='lat' dir='ltr'>l.</span> <span class='ocrx_word' id='word_1_365' title='bbox 505 2020 534 2043; x_wconf 79' lang='lat' dir='ltr'>c.</span> <span class='ocrx_word' id='word_1_366' title='bbox 560 2020 593 2052; x_wconf 86' lang='lat' dir='ltr'>p.</span> <span class='ocrx_word' id='word_1_367' title='bbox 619 2009 682 2042; x_wconf 82' lang='lat'>45!</span> <span class='ocrx_word' id='word_1_368' title='bbox 720 2007 820 2052; x_wconf 81' lang='lat' dir='ltr'>(excl.</span> <span class='ocrx_word' id='word_1_369' title='bbox 847 2007 890 2041; x_wconf 84' lang='lat' dir='ltr'>ic.</span> <span class='ocrx_word' id='word_1_370' title='bbox 914 2007 1142 2041; x_wconf 80' lang='lat' dir='ltr'>REIGHENB.</span> <span class='ocrx_word' id='word_1_371' title='bbox 1169 2007 1226 2041; x_wconf 83' lang='lat' dir='ltr'>cit.</span> <span class='ocrx_word' id='word_1_372' title='bbox 1254 2011 1290 2042; x_wconf 80' lang='lat' dir='ltr'>et</span> <span class='ocrx_word' id='word_1_373' title='bbox 1313 2017 1387 2041; x_wconf 87' lang='lat' dir='ltr'>var.</span> <span class='ocrx_word' id='word_1_374' title='bbox 1419 2007 1493 2051; x_wconf 51' lang='grc'>5.),</span> <span class='ocrx_word' id='word_1_375' title='bbox 1533 2007 1625 2041; x_wconf 87' lang='lat' dir='ltr'>AMo</span> <span class='ocrx_word' id='word_1_376' title='bbox 1651 2006 1674 2039; x_wconf 87' lang='lat' dir='ltr'>l.</span> <span class='ocrx_word' id='word_1_377' title='bbox 1699 2017 1728 2040; x_wconf 85' lang='lat' dir='ltr'>c.</span> <span class='ocrx_word' id='word_1_378' title='bbox 1753 2018 1787 2050; x_wconf 87' lang='lat' dir='ltr'>p.</span> <span class='ocrx_word' id='word_1_379' title='bbox 1813 2007 1896 2043; x_wconf 77' lang='lat'>736!</span> 
     </span>
     <span class='ocr_line' id='line_1_37' title="bbox 199 2052 1898 2101; baseline -0.002 -10"><span class='ocrx_word' id='word_1_380' title='bbox 199 2057 300 2101; x_wconf 79' lang='lat' dir='ltr'>(excl.</span> <span class='ocrx_word' id='word_1_381' title='bbox 326 2067 396 2090; x_wconf 82' lang='lat' dir='ltr'>var.</span> <span class='ocrx_word' id='word_1_382' title='bbox 424 2054 500 2098; x_wconf 56' lang='grc' dir='ltr'>ρι),</span> <span class='ocrx_word' id='word_1_383' title='bbox 534 2054 709 2088; x_wconf 84' lang='lat' dir='ltr'>ZIMMET.</span> <span class='ocrx_word' id='word_1_384' title='bbox 735 2053 854 2098; x_wconf 83' lang='lat' dir='ltr'>Aquil.</span> <span class='ocrx_word' id='word_1_385' title='bbox 880 2066 913 2098; x_wconf 87' lang='lat' dir='ltr'>p.</span> <span class='ocrx_word' id='word_1_386' title='bbox 941 2056 1003 2088; x_wconf 82' lang='lat'>48!</span> <span class='ocrx_word' id='word_1_387' title='bbox 1054 2052 1260 2088; x_wconf 60' lang='lat' dir='ltr'>Bonnam]</span> <span class='ocrx_word' id='word_1_388' title='bbox 1285 2053 1332 2098; x_wconf 87' lang='lat' dir='ltr'>pl.</span> <span class='ocrx_word' id='word_1_389' title='bbox 1358 2054 1441 2099; x_wconf 87' lang='lat' dir='ltr'>Pyr.</span> <span class='ocrx_word' id='word_1_390' title='bbox 1467 2064 1541 2088; x_wconf 83' lang='lat' dir='ltr'>exs.</span> <span class='ocrx_word' id='word_1_391' title='bbox 1570 2052 1622 2088; x_wconf 86' lang='lat' dir='ltr'>ed.</span> <span class='ocrx_word' id='word_1_392' title='bbox 1650 2052 1898 2087; x_wconf 74' lang='lat' dir='ltr'>HonENACK.</span> 
     </span>
     <span class='ocr_line' id='line_1_38' title="bbox 201 2100 1897 2146; baseline -0.001 -9"><span class='ocrx_word' id='word_1_393' title='bbox 201 2115 234 2138; x_wconf 88' lang='lat' dir='ltr'>n.</span> <span class='ocrx_word' id='word_1_394' title='bbox 262 2104 330 2137; x_wconf 84' lang='lat'>69!</span> <span class='ocrx_word' id='word_1_395' title='bbox 380 2102 420 2136; x_wconf 87' lang='lat' dir='ltr'>F.</span> <span class='ocrx_word' id='word_1_396' title='bbox 447 2102 632 2136; x_wconf 86' lang='lat' dir='ltr'><strong>SCHULTZ</strong></span> <span class='ocrx_word' id='word_1_397' title='bbox 658 2102 716 2135; x_wconf 86' lang='lat' dir='ltr'>hb.</span> <span class='ocrx_word' id='word_1_398' title='bbox 742 2112 853 2135; x_wconf 89' lang='lat' dir='ltr'>norm.</span> <span class='ocrx_word' id='word_1_399' title='bbox 878 2112 910 2135; x_wconf 84' lang='lat' dir='ltr'>n.</span> <span class='ocrx_word' id='word_1_400' title='bbox 938 2102 1024 2135; x_wconf 78' lang='lat'>208!</span> <span class='ocrx_word' id='word_1_401' title='bbox 1067 2102 1122 2143; x_wconf 77' lang='lat' dir='ltr'>(A.</span> <span class='ocrx_word' id='word_1_402' title='bbox 1147 2101 1272 2146; x_wconf 87' lang='lat' dir='ltr'>alpina</span> <span class='ocrx_word' id='word_1_403' title='bbox 1298 2100 1396 2138; x_wconf 80' lang='lat' dir='ltr'>LAP,</span> <span class='ocrx_word' id='word_1_404' title='bbox 1422 2100 1512 2135; x_wconf 88' lang='lat' dir='ltr'>Hist.</span> <span class='ocrx_word' id='word_1_405' title='bbox 1538 2101 1610 2135; x_wconf 89' lang='lat' dir='ltr'>abr.</span> <span class='ocrx_word' id='word_1_406' title='bbox 1639 2100 1725 2144; x_wconf 80' lang='lat' dir='ltr'>Pyr.</span> <span class='ocrx_word' id='word_1_407' title='bbox 1752 2112 1786 2144; x_wconf 88' lang='lat' dir='ltr'>p.</span> <span class='ocrx_word' id='word_1_408' title='bbox 1814 2101 1897 2135; x_wconf 82' lang='lat'>306!</span> 
     </span>
     <span class='ocr_line' id='line_1_39' title="bbox 200 2146 1898 2194; baseline -0.002 -10"><span class='ocrx_word' id='word_1_409' title='bbox 200 2162 266 2184; x_wconf 86' lang='lat' dir='ltr'>non</span> <span class='ocrx_word' id='word_1_410' title='bbox 294 2150 364 2194; x_wconf 86' lang='lat' dir='ltr'>L.).</span> <span class='ocrx_word' id='word_1_411' title='bbox 414 2148 583 2192; x_wconf 84' lang='lat' dir='ltr'>Gracilis,</span> <span class='ocrx_word' id='word_1_412' title='bbox 623 2149 723 2182; x_wconf 87' lang='lat' dir='ltr'>caule</span> <span class='ocrx_word' id='word_1_413' title='bbox 750 2152 865 2182; x_wconf 82' lang='lat' dir='ltr'>erecto</span> <span class='ocrx_word' id='word_1_414' title='bbox 898 2147 1117 2191; x_wconf 88' lang='lat' dir='ltr'>subsimplici</span> <span class='ocrx_word' id='word_1_415' title='bbox 1159 2147 1378 2189; x_wconf 80' lang='lat' dir='ltr'>1—2-floro,</span> <span class='ocrx_word' id='word_1_416' title='bbox 1403 2148 1552 2183; x_wconf 88' lang='lat' dir='ltr'>obscure</span> <span class='ocrx_word' id='word_1_417' title='bbox 1577 2147 1726 2191; x_wconf 86' lang='lat' dir='ltr'>striato,</span> <span class='ocrx_word' id='word_1_418' title='bbox 1763 2146 1898 2181; x_wconf 84' lang='lat' dir='ltr'>inferne</span> 
     </span>
     <span class='ocr_line' id='line_1_40' title="bbox 201 2194 1898 2241; baseline -0.002 -10"><span class='ocrx_word' id='word_1_419' title='bbox 201 2198 325 2241; x_wconf 80' lang='lat' dir='ltr'>glabro</span> <span class='ocrx_word' id='word_1_420' title='bbox 354 2206 504 2240; x_wconf 82' lang='lat' dir='ltr'>superne</span> <span class='ocrx_word' id='word_1_421' title='bbox 529 2195 712 2240; x_wconf 87' lang='lat' dir='ltr'>puberulo,</span> <span class='ocrx_word' id='word_1_422' title='bbox 742 2195 867 2239; x_wconf 66' lang='lat' dir='ltr'>¹s‘2-l‘</span> <span class='ocrx_word' id='word_1_423' title='bbox 892 2195 932 2235; x_wconf 89' lang='lat' dir='ltr'>l.;</span> <span class='ocrx_word' id='word_1_424' title='bbox 960 2194 1053 2229; x_wconf 88' lang='lat' dir='ltr'>foliis</span> <span class='ocrx_word' id='word_1_425' title='bbox 1078 2194 1295 2230; x_wconf 86' lang='lat' dir='ltr'>basilaribus</span> <span class='ocrx_word' id='word_1_426' title='bbox 1320 2195 1425 2238; x_wconf 84' lang='lat' dir='ltr'>longe</span> <span class='ocrx_word' id='word_1_427' title='bbox 1450 2195 1629 2239; x_wconf 81' lang='lat' dir='ltr'>petiolatis</span> <span class='ocrx_word' id='word_1_428' title='bbox 1653 2194 1898 2229; x_wconf 87' lang='lat' dir='ltr'>biternatisec-</span> 
     </span>
     <span class='ocr_line' id='line_1_41' title="bbox 199 2240 1898 2286; baseline -0.002 -7"><span class='ocrx_word' id='word_1_429' title='bbox 199 2245 257 2285; x_wconf 80' lang='lat' dir='ltr'>tis,</span> <span class='ocrx_word' id='word_1_430' title='bbox 284 2243 474 2286; x_wconf 73' lang='lat' dir='ltr'>segmentis</span> <span class='ocrx_word' id='word_1_431' title='bbox 493 2242 678 2277; x_wconf 71' lang='lat' dir='ltr'>secundar.</span> <span class='ocrx_word' id='word_1_432' title='bbox 704 2243 823 2286; x_wconf 85' lang='lat' dir='ltr'>parvis</span> <span class='ocrx_word' id='word_1_433' title='bbox 847 2242 1172 2276; x_wconf 84' lang='lat' dir='ltr'>cuneato-obovatis</span> <span class='ocrx_word' id='word_1_434' title='bbox 1191 2242 1437 2277; x_wconf 83' lang='lat' dir='ltr'>subrhombeis</span> <span class='ocrx_word' id='word_1_435' title='bbox 1454 2241 1626 2286; x_wconf 84' lang='lat' dir='ltr'>profunde</span> <span class='ocrx_word' id='word_1_436' title='bbox 1643 2240 1783 2285; x_wconf 86' lang='lat' dir='ltr'>trifidis,</span> <span class='ocrx_word' id='word_1_437' title='bbox 1808 2241 1898 2276; x_wconf 79' lang='lat' dir='ltr'>iobis</span> 
     </span>
     <span class='ocr_line' id='line_1_42' title="bbox 203 2287 1898 2335; baseline -0.001 -10"><span class='ocrx_word' id='word_1_438' title='bbox 203 2302 309 2335; x_wconf 79' lang='lat' dir='ltr'>saepe</span> <span class='ocrx_word' id='word_1_439' title='bbox 335 2290 456 2325; x_wconf 89' lang='lat' dir='ltr'>obtuse</span> <span class='ocrx_word' id='word_1_440' title='bbox 483 2290 658 2329; x_wconf 83' lang='lat' dir='ltr'>crenatis,</span> <span class='ocrx_word' id='word_1_441' title='bbox 693 2289 776 2324; x_wconf 87' lang='lat' dir='ltr'>folio</span> <span class='ocrx_word' id='word_1_442' title='bbox 803 2288 941 2324; x_wconf 85' lang='lat' dir='ltr'>caulino</span> <span class='ocrx_word' id='word_1_443' title='bbox 966 2287 1134 2324; x_wconf 89' lang='lat' dir='ltr'>inferiore</span> <span class='ocrx_word' id='word_1_444' title='bbox 1159 2288 1373 2324; x_wconf 84' lang='lat' dir='ltr'>radicalibus</span> <span class='ocrx_word' id='word_1_445' title='bbox 1400 2289 1508 2324; x_wconf 87' lang='lat' dir='ltr'>simili</span> <span class='ocrx_word' id='word_1_446' title='bbox 1532 2288 1595 2324; x_wconf 86' lang='lat' dir='ltr'>sed</span> <span class='ocrx_word' id='word_1_447' title='bbox 1621 2288 1728 2333; x_wconf 88' lang='lat' dir='ltr'>duplo</span> <span class='ocrx_word' id='word_1_448' title='bbox 1753 2288 1898 2333; x_wconf 76' lang='lat' dir='ltr'>minore,</span> 
     </span>
     <span class='ocr_line' id='line_1_43' title="bbox 206 2335 1900 2381; baseline -0.001 -9"><span class='ocrx_word' id='word_1_449' title='bbox 206 2337 332 2372; x_wconf 82' lang='lat' dir='ltr'>ceteris</span> <span class='ocrx_word' id='word_1_450' title='bbox 358 2337 532 2381; x_wconf 87' lang='lat' dir='ltr'>(summis)</span> <span class='ocrx_word' id='word_1_451' title='bbox 558 2335 726 2381; x_wconf 79' lang='lat' dir='ltr'>parvulis,</span> <span class='ocrx_word' id='word_1_452' title='bbox 751 2335 881 2370; x_wconf 88' lang='lat' dir='ltr'>trifidis</span> <span class='ocrx_word' id='word_1_453' title='bbox 906 2348 934 2370; x_wconf 92' lang='lat' dir='ltr'>v.</span> <span class='ocrx_word' id='word_1_454' title='bbox 961 2335 1121 2377; x_wconf 87' lang='lat' dir='ltr'>indivisis</span> <span class='ocrx_word' id='word_1_455' title='bbox 1147 2335 1352 2378; x_wconf 84' lang='lat' dir='ltr'>linearibus,</span> <span class='ocrx_word' id='word_1_456' title='bbox 1380 2337 1540 2371; x_wconf 89' lang='lat' dir='ltr'>omnibus</span> <span class='ocrx_word' id='word_1_457' title='bbox 1566 2336 1730 2380; x_wconf 86' lang='lat' dir='ltr'>utrinqne</span> <span class='ocrx_word' id='word_1_458' title='bbox 1756 2335 1900 2380; x_wconf 83' lang='lat' dir='ltr'>glabris,</span> 
     </span>
     <span class='ocr_line' id='line_1_44' title="bbox 204 2382 1900 2428; baseline -0.002 -9"><span class='ocrx_word' id='word_1_459' title='bbox 204 2395 310 2428; x_wconf 82' lang='lat' dir='ltr'>supra</span> <span class='ocrx_word' id='word_1_460' title='bbox 337 2383 516 2427; x_wconf 86' lang='lat' dir='ltr'>viridibus,</span> <span class='ocrx_word' id='word_1_461' title='bbox 542 2383 662 2418; x_wconf 82' lang='lat' dir='ltr'>subtus</span> <span class='ocrx_word' id='word_1_462' title='bbox 689 2383 991 2418; x_wconf 78' lang='lat' dir='ltr'>cinei-ascentibus</span> <span class='ocrx_word' id='word_1_463' title='bbox 1019 2383 1237 2426; x_wconf 81' lang='lat' dir='ltr'>reticulatis3</span> <span class='ocrx_word' id='word_1_464' title='bbox 1263 2383 1409 2418; x_wconf 87' lang='lat' dir='ltr'>fioribus</span> <span class='ocrx_word' id='word_1_465' title='bbox 1435 2382 1571 2427; x_wconf 84' lang='lat' dir='ltr'>magnis</span> <span class='ocrx_word' id='word_1_466' title='bbox 1597 2383 1736 2418; x_wconf 86' lang='lat' dir='ltr'>cernuis</span> <span class='ocrx_word' id='word_1_467' title='bbox 1761 2383 1900 2418; x_wconf 88' lang='lat' dir='ltr'>intense</span> 
     </span>
     <span class='ocr_line' id='line_1_45' title="bbox 204 2429 1902 2475; baseline -0.001 -10"><span class='ocrx_word' id='word_1_468' title='bbox 204 2431 374 2466; x_wconf 85' lang='lat' dir='ltr'>coeruleis</span> <span class='ocrx_word' id='word_1_469' title='bbox 391 2459 398 2471; x_wconf 90' lang='lat'>,</span> <span class='ocrx_word' id='word_1_470' title='bbox 425 2429 555 2474; x_wconf 86' lang='lat' dir='ltr'>sepalis</span> <span class='ocrx_word' id='word_1_471' title='bbox 582 2430 858 2472; x_wconf 82' lang='lat' dir='ltr'>oblongo—ovatis</span> <span class='ocrx_word' id='word_1_472' title='bbox 884 2430 1120 2474; x_wconf 85' lang='lat' dir='ltr'>acuminatis,</span> <span class='ocrx_word' id='word_1_473' title='bbox 1147 2430 1344 2466; x_wconf 84' lang='lat' dir='ltr'>calcaribus</span> <span class='ocrx_word' id='word_1_474' title='bbox 1369 2431 1475 2465; x_wconf 88' lang='lat' dir='ltr'>rectis</span> <span class='ocrx_word' id='word_1_475' title='bbox 1501 2430 1616 2475; x_wconf 86' lang='lat' dir='ltr'>(apice</span> <span class='ocrx_word' id='word_1_476' title='bbox 1643 2430 1753 2464; x_wconf 91' lang='lat' dir='ltr'>solum</span> <span class='ocrx_word' id='word_1_477' title='bbox 1778 2430 1902 2464; x_wconf 86' lang='lat' dir='ltr'>leviter</span> 
     </span>
     <span class='ocr_line' id='line_1_46' title="bbox 204 2476 1900 2522; baseline -0.001 -10"><span class='ocrx_word' id='word_1_478' title='bbox 204 2478 373 2522; x_wconf 88' lang='lat' dir='ltr'>incurvis)</span> <span class='ocrx_word' id='word_1_479' title='bbox 398 2476 504 2511; x_wconf 88' lang='lat' dir='ltr'>limbo</span> <span class='ocrx_word' id='word_1_480' title='bbox 529 2476 754 2521; x_wconf 86' lang='lat' dir='ltr'>brevioribus,</span> <span class='ocrx_word' id='word_1_481' title='bbox 781 2477 988 2512; x_wconf 85' lang='lat' dir='ltr'>staminibus</span> <span class='ocrx_word' id='word_1_482' title='bbox 1014 2487 1057 2511; x_wconf 90' lang='lat' dir='ltr'>eo</span> <span class='ocrx_word' id='word_1_483' title='bbox 1075 2477 1307 2521; x_wconf 81' lang='lat' dir='ltr'>brevioribus⁷</span> <span class='ocrx_word' id='word_1_484' title='bbox 1333 2478 1493 2512; x_wconf 85' lang='lat' dir='ltr'>antberis</span> <span class='ocrx_word' id='word_1_485' title='bbox 1519 2476 1668 2522; x_wconf 89' lang='lat' dir='ltr'>pulchre</span> <span class='ocrx_word' id='word_1_486' title='bbox 1694 2476 1806 2521; x_wconf 86' lang='lat' dir='ltr'>flavis,</span> <span class='ocrx_word' id='word_1_487' title='bbox 1832 2481 1900 2511; x_wconf 85' lang='lat' dir='ltr'>sta·</span> 
     </span>
     <span class='ocr_line' id='line_1_47' title="bbox 204 2522 1900 2569; baseline -0.002 -10"><span class='ocrx_word' id='word_1_488' title='bbox 204 2524 366 2559; x_wconf 90' lang='lat' dir='ltr'>minodiis</span> <span class='ocrx_word' id='word_1_489' title='bbox 391 2523 506 2558; x_wconf 77' lang='lat' dir='ltr'>acutis</span> <span class='ocrx_word' id='word_1_490' title='bbox 532 2522 709 2558; x_wconf 86' lang='lat' dir='ltr'>undulatis</span> <span class='ocrx_word' id='word_1_491' title='bbox 740 2523 915 2568; x_wconf 90' lang='lat' dir='ltr'>l-nerviis,</span> <span class='ocrx_word' id='word_1_492' title='bbox 941 2524 1119 2563; x_wconf 75' lang='lat' dir='ltr'>brevibus,</span> <span class='ocrx_word' id='word_1_493' title='bbox 1147 2524 1247 2569; x_wconf 86' lang='lat' dir='ltr'>stylis</span> <span class='ocrx_word' id='word_1_494' title='bbox 1274 2525 1391 2568; x_wconf 86' lang='lat' dir='ltr'>rectis,</span> <span class='ocrx_word' id='word_1_495' title='bbox 1411 2524 1563 2560; x_wconf 86' lang='lat' dir='ltr'>stamina</span> <span class='ocrx_word' id='word_1_496' title='bbox 1582 2523 1900 2569; x_wconf 85' lang='lat' dir='ltr'>subaequantibus;</span> 
     </span>
    </p>
   </div>
   <div class='ocr_carea' id='block_1_8' title="bbox 206 2569 1901 2663">
    <p class='ocr_par' dir='ltr' id='par_1_8' title="bbox 206 2569 1901 2663">
     <span class='ocr_line' id='line_1_48' title="bbox 206 2569 1901 2617; baseline -0.001 -12"><span class='ocrx_word' id='word_1_497' title='bbox 206 2571 370 2606; x_wconf 88' lang='lat' dir='ltr'>folliculis</span> <span class='ocrx_word' id='word_1_498' title='bbox 395 2571 521 2605; x_wconf 88' lang='lat' dir='ltr'>erectis</span> <span class='ocrx_word' id='word_1_499' title='bbox 547 2570 730 2614; x_wconf 90' lang='lat' dir='ltr'>puberulis</span> <span class='ocrx_word' id='word_1_500' title='bbox 766 2576 968 2606; x_wconf 87' lang='lat' dir='ltr'>transverse</span> <span class='ocrx_word' id='word_1_501' title='bbox 1003 2571 1166 2615; x_wconf 82' lang='lat' dir='ltr'>rugosis,</span> <span class='ocrx_word' id='word_1_502' title='bbox 1203 2571 1294 2617; x_wconf 87' lang='lat' dir='ltr'>stylo</span> <span class='ocrx_word' id='word_1_503' title='bbox 1321 2573 1370 2607; x_wconf 88' lang='lat' dir='ltr'>eis</span> <span class='ocrx_word' id='word_1_504' title='bbox 1396 2571 1504 2617; x_wconf 82' lang='lat' dir='ltr'>triplo</span> <span class='ocrx_word' id='word_1_505' title='bbox 1530 2572 1700 2607; x_wconf 82' lang='lat' dir='ltr'>breviore.</span> <span class='ocrx_word' id='word_1_506' title='bbox 1735 2591 1775 2595; x_wconf 91' lang='lat'>-—</span> <span class='ocrx_word' id='word_1_507' title='bbox 1816 2569 1901 2605; x_wconf 89' lang='lat' dir='ltr'>Flos</span> 
     </span>
     <span class='ocr_line' id='line_1_49' title="bbox 206 2617 723 2663; baseline -0.002 -11"><span class='ocrx_word' id='word_1_508' title='bbox 206 2619 396 2663; x_wconf 84' lang='lat' dir='ltr'>puberulus</span> <span class='ocrx_word' id='word_1_509' title='bbox 423 2617 594 2662; x_wconf 76' lang='lat' dir='ltr'><strong><em>1¹s2——2“¹</em></strong></span> <span class='ocrx_word' id='word_1_510' title='bbox 620 2617 723 2651; x_wconf 86' lang='lat' dir='ltr'>diam.</span> 
     </span>
    </p>
   </div>
   <div class='ocr_carea' id='block_1_9' title="bbox 255 2674 1903 2815">
    <p class='ocr_par' dir='ltr' id='par_1_9' title="bbox 255 2674 1903 2815">
     <span class='ocr_line' id='line_1_50' title="bbox 299 2674 1903 2722; baseline 0 -12"><span class='ocrx_word' id='word_1_511' title='bbox 299 2676 341 2710; x_wconf 88' lang='lat' dir='ltr'>In</span> <span class='ocrx_word' id='word_1_512' title='bbox 371 2675 513 2720; x_wconf 87' lang='lat' dir='ltr'>pascuis</span> <span class='ocrx_word' id='word_1_513' title='bbox 550 2675 705 2719; x_wconf 88' lang='lat' dir='ltr'>locisque</span> <span class='ocrx_word' id='word_1_514' title='bbox 737 2675 960 2720; x_wconf 86' lang='lat' dir='ltr'>rupestribus</span> <span class='ocrx_word' id='word_1_515' title='bbox 997 2675 1152 2719; x_wconf 83' lang='lat' dir='ltr'>regionis</span> <span class='ocrx_word' id='word_1_516' title='bbox 1191 2676 1297 2721; x_wconf 84' lang='lat' dir='ltr'>alpin.</span> <span class='ocrx_word' id='word_1_517' title='bbox 1324 2677 1585 2722; x_wconf 82' lang='lat' dir='ltr'>Pyrenaeorum</span> <span class='ocrx_word' id='word_1_518' title='bbox 1610 2674 1842 2711; x_wconf 87' lang='lat' dir='ltr'>Catalauniae</span> <span class='ocrx_word' id='word_1_519' title='bbox 1867 2679 1903 2710; x_wconf 82' lang='lat' dir='ltr'>et</span> 
     </span>
     <span class='ocr_line' id='line_1_51' title="bbox 255 2722 1902 2768; baseline -0.001 -12"><span class='ocrx_word' id='word_1_520' title='bbox 255 2723 406 2766; x_wconf 81' lang='lat' dir='ltr'>Aragon.</span> <span class='ocrx_word' id='word_1_521' title='bbox 432 2723 505 2757; x_wconf 91' lang='lat' dir='ltr'>solo</span> <span class='ocrx_word' id='word_1_522' title='bbox 531 2722 691 2757; x_wconf 86' lang='lat' dir='ltr'>calcareo</span> <span class='ocrx_word' id='word_1_523' title='bbox 716 2723 850 2767; x_wconf 85' lang='lat' dir='ltr'>passim</span> <span class='ocrx_word' id='word_1_524' title='bbox 875 2722 996 2766; x_wconf 90' lang='lat' dir='ltr'>(Valle</span> <span class='ocrx_word' id='word_1_525' title='bbox 1022 2722 1064 2757; x_wconf 87' lang='lat' dir='ltr'>de</span> <span class='ocrx_word' id='word_1_526' title='bbox 1090 2723 1200 2768; x_wconf 86' lang='lat' dir='ltr'>Aran,</span> <span class='ocrx_word' id='word_1_527' title='bbox 1229 2724 1365 2765; x_wconf 83' lang='lat' dir='ltr'>ISERN,</span> <span class='ocrx_word' id='word_1_528' title='bbox 1391 2724 1467 2760; x_wconf 87' lang='lat' dir='ltr'>Pto.</span> <span class='ocrx_word' id='word_1_529' title='bbox 1495 2724 1537 2759; x_wconf 88' lang='lat' dir='ltr'>de</span> <span class='ocrx_word' id='word_1_530' title='bbox 1562 2724 1762 2767; x_wconf 90' lang='lat' dir='ltr'>Benasque,</span> <span class='ocrx_word' id='word_1_531' title='bbox 1789 2722 1902 2756; x_wconf 75' lang='lat' dir='ltr'>Pessa-</span> 
     </span>
     <span class='ocr_line' id='line_1_52' title="bbox 255 2768 1097 2815; baseline 0.005 -14"><span class='ocrx_word' id='word_1_532' title='bbox 255 2769 391 2812; x_wconf 77' lang='lat' dir='ltr'>blanca,</span> <span class='ocrx_word' id='word_1_533' title='bbox 417 2769 562 2813; x_wconf 82' lang='lat' dir='ltr'>ZETT.).</span> <span class='ocrx_word' id='word_1_534' title='bbox 591 2790 632 2794; x_wconf 95' lang='lat'>-—</span> <span class='ocrx_word' id='word_1_535' title='bbox 661 2778 696 2810; x_wconf 61' lang='grc' dir='ltr'>ξι.</span> <span class='ocrx_word' id='word_1_536' title='bbox 722 2768 945 2814; x_wconf 81' lang='lat' dir='ltr'>Jun.—Aug.</span> <span class='ocrx_word' id='word_1_537' title='bbox 971 2770 1015 2815; x_wconf 87' lang='lat' dir='ltr'>(v.</span> <span class='ocrx_word' id='word_1_538' title='bbox 1042 2771 1097 2814; x_wconf 93' lang='lat' dir='ltr'>s.).</span> 
     </span>
    </p>
   </div>
   <div class='ocr_carea' id='block_1_10' title="bbox 263 2826 1901 2978">
    <p class='ocr_par' dir='ltr' id='par_1_10' title="bbox 263 2826 1901 2978">
     <span class='ocr_line' id='line_1_53' title="bbox 301 2826 944 2872; baseline 0.005 -13"><span class='ocrx_word' id='word_1_539' title='bbox 301 2826 391 2860; x_wconf 86' lang='lat' dir='ltr'>Hah.</span> <span class='ocrx_word' id='word_1_540' title='bbox 416 2826 452 2860; x_wconf 88' lang='lat' dir='ltr'>in</span> <span class='ocrx_word' id='word_1_541' title='bbox 477 2832 550 2862; x_wconf 87' lang='lat' dir='ltr'>toto</span> <span class='ocrx_word' id='word_1_542' title='bbox 576 2827 790 2872; x_wconf 86' lang='lat' dir='ltr'>Pyrenaeor.</span> <span class='ocrx_word' id='word_1_543' title='bbox 815 2832 944 2862; x_wconf 82' lang='lat' dir='ltr'>tractu.</span> 
     </span>
     <span class='ocr_line' id='line_1_54' title="bbox 304 2883 1901 2932; baseline 0.002 -16"><span class='ocrx_word' id='word_1_544' title='bbox 304 2884 397 2918; x_wconf 87' lang='lat' dir='ltr'>Obs.</span> <span class='ocrx_word' id='word_1_545' title='bbox 447 2886 487 2919; x_wconf 84' lang='lat' dir='ltr'>A.</span> <span class='ocrx_word' id='word_1_546' title='bbox 514 2884 635 2930; x_wconf 85' lang='lat' dir='ltr'>alpina</span> <span class='ocrx_word' id='word_1_547' title='bbox 659 2885 700 2920; x_wconf 93' lang='lat' dir='ltr'>L.</span> <span class='ocrx_word' id='word_1_548' title='bbox 726 2897 793 2920; x_wconf 87' lang='lat' dir='ltr'>non</span> <span class='ocrx_word' id='word_1_549' title='bbox 819 2886 887 2921; x_wconf 91' lang='lat' dir='ltr'>nisi</span> <span class='ocrx_word' id='word_1_550' title='bbox 912 2886 948 2920; x_wconf 92' lang='lat' dir='ltr'>in</span> <span class='ocrx_word' id='word_1_551' title='bbox 972 2885 1123 2931; x_wconf 88' lang='lat' dir='ltr'>Alpibus</span> <span class='ocrx_word' id='word_1_552' title='bbox 1149 2887 1289 2922; x_wconf 80' lang='lat' dir='ltr'>crescit.</span> <span class='ocrx_word' id='word_1_553' title='bbox 1321 2886 1436 2932; x_wconf 86' lang='lat' dir='ltr'>Stirps</span> <span class='ocrx_word' id='word_1_554' title='bbox 1465 2885 1529 2921; x_wconf 86' lang='lat' dir='ltr'>sub</span> <span class='ocrx_word' id='word_1_555' title='bbox 1555 2885 1622 2919; x_wconf 85' lang='lat' dir='ltr'>hoc</span> <span class='ocrx_word' id='word_1_556' title='bbox 1647 2885 1786 2919; x_wconf 89' lang='lat' dir='ltr'>nomine</span> <span class='ocrx_word' id='word_1_557' title='bbox 1811 2894 1833 2918; x_wconf 86' lang='lat' dir='ltr'>a</span> <span class='ocrx_word' id='word_1_558' title='bbox 1858 2883 1901 2919; x_wconf 85' lang='lat' dir='ltr'>cL</span> 
     </span>
     <span class='ocr_line' id='line_1_55' title="bbox 263 2929 1261 2978; baseline 0.008 -17"><span class='ocrx_word' id='word_1_559' title='bbox 263 2929 352 2965; x_wconf 75' lang='lat' dir='ltr'>Ano</span> <span class='ocrx_word' id='word_1_560' title='bbox 376 2931 397 2964; x_wconf 89' lang='lat' dir='ltr'>l.</span> <span class='ocrx_word' id='word_1_561' title='bbox 424 2943 450 2966; x_wconf 88' lang='lat' dir='ltr'>c.</span> <span class='ocrx_word' id='word_1_562' title='bbox 478 2938 683 2968; x_wconf 83' lang='lat' dir='ltr'>enumerata</span> <span class='ocrx_word' id='word_1_563' title='bbox 705 2932 884 2978; x_wconf 86' lang='lat' dir='ltr'>ipsissima</span> <span class='ocrx_word' id='word_1_564' title='bbox 907 2938 962 2968; x_wconf 89' lang='lat' dir='ltr'>est</span> <span class='ocrx_word' id='word_1_565' title='bbox 984 2933 1027 2967; x_wconf 91' lang='lat' dir='ltr'>A.</span> <span class='ocrx_word' id='word_1_566' title='bbox 1054 2934 1261 2978; x_wconf 86' lang='lat' dir='ltr'>Pyrenaica.</span> 
     </span>
    </p>
   </div>
   <div class='ocr_carea' id='block_1_11' title="bbox 230 3009 1904 3105">
    <p class='ocr_par' dir='ltr' id='par_1_11' title="bbox 230 3009 1904 3105">
     <span class='ocr_line' id='line_1_56' title="bbox 321 3009 1902 3057; baseline 0.001 -16"><span class='ocrx_word' id='word_1_567' title='bbox 321 3009 421 3044; x_wconf 78' lang='lat'>5067.</span> <span class='ocrx_word' id='word_1_568' title='bbox 469 3013 516 3044; x_wconf 88' lang='lat' dir='ltr'>A.</span> <span class='ocrx_word' id='word_1_569' title='bbox 544 3013 822 3052; x_wconf 72' lang='lat' dir='ltr'>Aragonensis</span> <span class='ocrx_word' id='word_1_570' title='bbox 848 3012 938 3047; x_wconf 87' lang='lat' dir='ltr'>WK.</span> <span class='ocrx_word' id='word_1_571' title='bbox 985 3012 1158 3057; x_wconf 87' lang='lat' dir='ltr'>Humilis,</span> <span class='ocrx_word' id='word_1_572' title='bbox 1198 3013 1297 3047; x_wconf 88' lang='lat' dir='ltr'>caule</span> <span class='ocrx_word' id='word_1_573' title='bbox 1337 3010 1596 3054; x_wconf 88' lang='lat' dir='ltr'>simplicissimo</span> <span class='ocrx_word' id='word_1_574' title='bbox 1636 3009 1728 3045; x_wconf 90' lang='lat' dir='ltr'>nudo</span> <span class='ocrx_word' id='word_1_575' title='bbox 1767 3009 1902 3054; x_wconf 86' lang='lat' dir='ltr'>l—floro,</span> 
     </span>
     <span class='ocr_line' id='line_1_57' title="bbox 230 3053 1904 3105; baseline 0.002 -18"><span class='ocrx_word' id='word_1_576' title='bbox 230 3064 249 3087; x_wconf 78' lang='lat' dir='ltr'>a</span> <span class='ocrx_word' id='word_1_577' title='bbox 274 3053 349 3089; x_wconf 83' lang='lat' dir='ltr'>lasi</span> <span class='ocrx_word' id='word_1_578' title='bbox 377 3055 417 3088; x_wconf 76' lang='lat' dir='ltr'>ad</span> <span class='ocrx_word' id='word_1_579' title='bbox 445 3057 577 3100; x_wconf 84' lang='lat' dir='ltr'>apicem</span> <span class='ocrx_word' id='word_1_580' title='bbox 610 3057 715 3092; x_wconf 86' lang='lat' dir='ltr'>dense</span> <span class='ocrx_word' id='word_1_581' title='bbox 748 3060 987 3105; x_wconf 87' lang='lat' dir='ltr'>pubescente,</span> <span class='ocrx_word' id='word_1_582' title='bbox 1024 3059 1118 3094; x_wconf 88' lang='lat' dir='ltr'>foliis</span> <span class='ocrx_word' id='word_1_583' title='bbox 1155 3059 1313 3095; x_wconf 90' lang='lat' dir='ltr'>omnibus</span> <span class='ocrx_word' id='word_1_584' title='bbox 1349 3057 1563 3094; x_wconf 82' lang='lat' dir='ltr'>basilaribus</span> <span class='ocrx_word' id='word_1_585' title='bbox 1597 3057 1736 3103; x_wconf 80' lang='lat' dir='ltr'>parvis,</span> <span class='ocrx_word' id='word_1_586' title='bbox 1769 3057 1904 3093; x_wconf 87' lang='lat' dir='ltr'>modice</span> 
     </span>
    </p>
   </div>
  </div>
 </body>
</html>
