1976 3314
959 156 1052 200 562

254 281 295 315 In
321 279 471 315 dumetis
497 278 768 322 nemoribusque
793 276 945 321 regionis
970 275 1127 310 inferior.
1152 279 1187 310 et
1212 277 1366 309 montan.
1383 272 1582 319 Hispaniae
1607 272 1751 318 boreal.‚
1776 283 1856 308 cen-

205 328 287 364 tral.
312 332 347 363 et
371 326 572 361 orientalis:
608 326 643 359 in
670 325 832 359 Cantabr.
859 324 1005 368 (ditione
1031 322 1204 366 Liebana,
1239 320 1435 355 LAGUNA.
1475 332 1503 356 e.
1529 320 1728 365 Burgnete,
1754 317 1856 362 NEE‚

208 375 344 419 Bilbao,
369 373 479 418 LGE.,
505 372 589 406 Irun
614 377 649 406 et
674 372 768 415 alibi,
796 370 911 413 WK.),
937 370 1100 404 Navarra
1125 369 1280 413 (Pyren.,
1305 367 1492 412 LAGUNA,
1518 378 1570 412 pr.
1598 366 1715 406 OIave,
1745 366 1859 410 WK.),

207 412 300 456 Cast.
325 426 391 456 vet.
420 422 529 465 (prov.
555 419 598 453 de
622 418 804 461 Logrofio,
830 417 1024 460 LAGUNA,
1049 427 1102 460 pr.
1129 415 1336 457 Encinillas,
1362 414 1487 458 ΕΘΗ),
1512 415 1666 457 Aragon.
1693 413 1742 457 (in
1766 413 1857 447 valle

205 467 241 502 fl.
267 468 429 511 Aragon,
455 467 490 500 in
517 467 728 511 Pyrenaeor.
754 464 922 508 vallibus,
951 463 1060 507 WK.,
1091 462 1283 504 LAGUNA,
1311 460 1432 495 Sierra
1456 461 1499 495 de
1523 461 1719 505 Moncayo,
1755 459 1789 494 S.
1816 459 1859 494 de

206 515 430 559 Villarroya,
456 513 576 547 Monte
602 512 644 546 de
669 512 845 555 Herrera,
884 511 1010 553 Asso,
1036 520 1064 544 c.
1089 510 1314 552 Pefiarroya,
1340 507 1496 553 LOSC.),
1522 507 1633 542 Catal.
1657 507 1708 551 (in
1732 506 1860 552 Pyren.

209 561 372 605 omnique
397 560 539 604 regione
564 558 761 604 Pyrenaica
784 557 907 602 frequ.,
934 557 1075 600 CSTA.),
1100 566 1209 599 regno
1234 554 1375 591 Valent.
1400 555 1467 600 (Pr.
1497 554 1680 599 Titaguas,
1707 552 1860 597 CLEM.).

210 628 251 633 --
278 607 322 651 ὴ.
347 608 446 653 Apr.,
472 606 561 650 Maj.
587 606 631 650 (v.
657 605 716 648 v.).

253 666 344 701 Hab.
370 666 406 700 in
431 665 523 699 omni
548 664 622 698 fere
636 662 781 706 Europa
800 662 915 706 (parte
932 660 1141 705 peninsulae
1158 659 1287 704 Pyren.
1304 657 1615 694 austro-occident.
1636 658 1735 704 exe),
1755 656 1861 702 sicil,

210 713 319 758 Cors,
343 724 438 758 prov.
465 711 623 755 Caueas.,
646 709 770 744 Persia
797 707 942 743 boreali.

164 794 213 837 ††
238 794 399 829 Flores
432 791 560 828 simul
594 802 687 826 cum
725 789 934 824 foliorum
969 787 1233 822 evolutione
1258 785 1329 822 sed
1355 790 1456 820 ante
1482 795 1633 820 eorum
1659 785 1862 830 explica-

770 836 935 871 tionem
959 834 1253 880 aperiuntur.

254 909 356 944 4189.
404 912 452 943 A.
491 908 890 948 Monspessulanum
926 904 967 940 L.
1006 904 1087 940 Cod.
1126 915 1158 938 n.
1186 904 1293 938 7641!
1342 902 1413 937 GR.
1440 901 1569 937 GODR.
1606 901 1629 937 l.
1655 912 1684 936 c.
1710 913 1744 946 p.
1772 903 1862 936 3221

167 956 261 991 AMO
286 957 309 990 1.
337 967 364 990 c.
390 968 422 1000 p.
448 957 488 989 4!
539 954 663 988 ROHB.
697 953 744 987 Ie.
782 953 804 987 1.
831 963 860 986 c.
898 952 921 986 f.
946 953 1054 986 48261
1104 951 1194 986 WK.
1220 950 1268 995 pl.
1294 961 1367 984 exs.
1393 949 1494 994 Hisp.
1521 950 1623 991 1845,
1651 959 1685 984 n.
1713 949 1802 982 1323
1830 953 1865 983 et

168 1005 266 1048 1850,
291 1014 323 1037 n.
349 1004 416 1037 273
443 1002 498 1046 (A.
517 1001 721 1036 trilobatum
739 998 871 1042 LAM.).
905 999 1103 1033 Arboreum
1121 1002 1183 1032 aut
1199 996 1416 1039 fruticosum,
1441 996 1536 1032 foliis
1554 995 1699 1040 glabris,
1724 994 1863 1029 demum

169 1050 414 1094 subcoriaeeis,
440 1049 542 1091 longe
566 1046 766 1092 petiolatis.
791 1046 898 1080 limbo
923 1046 999 1080 basi
1024 1045 1146 1079 leviter
1171 1044 1335 1088 cordato,
1361 1044 1511 1088 trilobo,
1537 1043 1628 1078 lobis
1653 1042 1787 1077 obtusis
1812 1042 1864 1075 in-

169 1097 383 1140 tegerrimis,
422 1095 531 1140 cymis
556 1093 774 1139 corymbosis
800 1093 863 1127 sub
889 1092 1029 1127 anthesi
1055 1092 1202 1136 erectis,
1229 1090 1421 1126 fructiferis
1447 1090 1632 1135 pendulis,
1657 1088 1866 1134 pedunculis

165 1143 302 1178 demum
328 1142 427 1177 valde
454 1141 626 1185 elongatis
650 1140 893 1183 filiformibus,
922 1139 1051 1184 sepalis
1076 1138 1276 1184 petalisque
1301 1137 1550 1181 albicantibus,
1575 1136 1767 1171 filamentis
1793 1135 1867 1178 gla-

167 1190 260 1235 bris3
286 1190 456 1225 fructibus
483 1189 627 1233 glabris,
653 1187 766 1222 coccis
790 1186 933 1230 grossis,
959 1186 1059 1220 valde
1084 1186 1299 1220 tumentibus
1323 1184 1518 1228 angulatis,
1546 1182 1868 1223 elevato-nervosis,

166 1237 232 1271 alis
257 1236 358 1271 valde
383 1235 637 1280 approximatis
662 1233 868 1278 suberectis,
893 1234 969 1267 basi
986 1232 1196 1277 angustatis,
1224 1232 1408 1275 eleganter
1424 1231 1624 1266 dichotome
1643 1229 1801 1264 nervosis
1830 1234 1868 1264 et

166 1282 517 1327 reticulato-venosis,
543 1292 650 1326 saepe
667 1280 1018 1326 purpurascentibus.
1038 1299 1081 1303 -—
1100 1279 1218 1313 Arbor
1241 1279 1439 1322 mediocris,
1465 1288 1564 1313 coma
1581 1277 1724 1321 globosa
1741 1276 1869 1311 foliosa

166 1331 228 1364 aut
252 1331 368 1364 frutex
393 1329 518 1363 elatus.
566 1328 669 1362 Folia
693 1338 826 1372 parva,
868 1326 989 1361 adulta
1016 1328 1127 1360 1—2¹‘
1154 1325 1270 1360 diam.
1314 1325 1566 1369 transversali,
1606 1324 1730 1359 subtus
1754 1323 1868 1368 primo

166 1377 393 1419 lanuginosa,
431 1375 569 1409 demum
609 1380 753 1419 praeter
789 1373 916 1408 axillas
955 1384 1137 1408 nervorum
1175 1372 1422 1417 principalium
1447 1372 1615 1406 barbatas
1643 1370 1868 1413 glaberrima,

166 1423 318 1468 pallida,
357 1432 489 1467 opaca,
526 1421 640 1465 quoad
666 1421 814 1464 figuram
849 1430 891 1455 ea
915 1419 1112 1465 Hepaticae
1137 1419 1287 1454 trilobae
1313 1418 1537 1453 aemulantia.
1574 1417 1663 1452 Alae
1692 1419 1868 1452 fructuum

169 1471 296 1504 6—9‘¹‘
328 1469 420 1512 long.
458 1474 494 1503 et
518 1468 703 1512 ‚2¹s2-—4¹‘¹
740 1467 844 1503 latae.
894 1467 1025 1501 Forma
1054 1465 1294 1511 microphylla
1331 1471 1365 1501 et
1402 1466 1624 1509 microcarpa
1660 1464 1869 1499 varietatem

173 1517 373 1550 minorem
398 1515 498 1549 LGE.
527 1516 627 1560 (l’ug.
654 1527 687 1559 p.
716 1516 814 1558 3151)
840 1514 1035 1548 constituit.

307 1577 343 1618 β.
370 1574 575 1609 villosum
599 1572 777 1608 LAGUNA
803 1572 856 1606 Fl.
882 1572 1002 1606 forest.
1023 1572 1069 1616 II,
1096 1573 1227 1617 p.127i
1254 1571 1398 1606 ramulis
1423 1571 1565 1616 petiolis
1589 1569 1753 1614 foliisque
1772 1569 1870 1604 adul-

374 1621 420 1656 tis
446 1622 569 1656 subtus
593 1621 727 1655 villosis
754 1619 1037 1655 subtomentosis.

260 1679 302 1712 In
327 1679 527 1713 nemoribus
553 1678 771 1722 dumetisque
789 1676 943 1720 regionis
966 1680 1155 1711 montanae
1174 1675 1371 1720 Hispaniae
1398 1674 1570 1718 oriental.‚
1597 1673 1757 1719 central.,
1784 1673 1873 1709 oeci-

218 1725 309 1760 dent.
335 1730 369 1759 et
394 1725 561 1760 australis
584 1724 735 1769 passim:
779 1725 814 1759 in
838 1724 1000 1757 Navarra
1031 1729 1066 1758 et
1090 1723 1203 1757 Alava
1245 1722 1399 1766 (Montes
1425 1721 1467 1755 de
1492 1721 1643 1766 Vitoria,
1669 1721 1873 1765 LAGUNA),

218 1772 372 1815 Aragon.
398 1782 513 1816 super.
544 1772 592 1816 (in
617 1771 707 1805 valle
733 1770 769 1805 fl.
795 1771 937 1813 Aragon
961 1771 1024 1805 int.
1050 1769 1213 1804 Tiermas
1238 1775 1273 1804 et
1298 1769 1446 1812 Martes,
1473 1779 1501 1803 c.
1529 1768 1629 1811 Jaca,
1655 1768 1692 1802 in
1718 1768 1872 1803 vallibus

217 1819 479 1864 Pyrenaeorum
504 1828 615 1861 usque
640 1818 684 1852 ad
711 1819 824 1862 3000‘,
857 1817 953 1858 WK„
979 1818 1013 1851 S.
1039 1816 1081 1851 de
1098 1816 1283 1861 Moncayo,
1309 1815 1511 1860 LAGUNA),
1537 1815 1649 1850 Catal.
1675 1815 1726 1857 (in
1750 1814 1871 1850 vallib.

217 1866 451 1910 Pyrenaeor.,
478 1875 505 1899 c.
532 1865 663 1907 Berga,
689 1863 854 1908 Queralt,
891 1864 926 1897 in
952 1863 1083 1898 ditione
1108 1863 1143 1897 la
1168 1863 1339 1905 Segarra,
1364 1862 1557 1906 praecipue
1583 1862 1618 1896 in
1644 1862 1718 1897 solo
1743 1862 1873 1896 calcar.

217 1912 393 1956 frequens,
418 1911 545 1955 CSTA.,
571 1912 723 1954 PUIGG.,
748 1911 931 1955 Monseny,
956 1909 1157 1953 LAGUNA)‚
1183 1915 1332 1953 utraque
1350 1909 1443 1944 Cast.
1470 1909 1522 1951 (in
1553 1919 1638 1952 agro
1656 1908 1804 1944 Madrit.
1830 1908 1874 1942 ad

220 1959 310 1994 Casa
334 1958 376 1993 de
402 1959 543 2003 Campo,
569 1969 597 1992 c.
624 1957 758 1992 Puebla
783 1957 825 1991 de
850 1957 886 1991 la
910 1956 1029 2001 Mujer
1052 1961 1201 1999 muerta,
1226 1956 1420 1999 Bolarque,
1446 1955 1536 1990 CUT.
1553 1984 1561 1999 ,
1588 1956 1711 2000 Trillo,
1738 1956 1876 1993 COLM.,

221 2005 393 2047 Escorial,
419 2005 521 2050 CUT.,
547 2004 664 2039 LGR!
691 2004 726 2037 in
752 2014 848 2048 prov.
875 2003 915 2038 de
936 2003 1113 2047 Logrofio,
1140 2003 1260 2037 Sierra
1285 2002 1327 2036 de
1354 2002 1525 2037 Besantes
1550 2014 1601 2046 pr.
1628 2002 1775 2047 Burgos,
1800 2002 1876 2036 LA-

221 2052 361 2097 GUNA),
387 2062 493 2095 regno
518 2051 633 2085 Jienn.
661 2050 795 2095 (Sierra
819 2050 989 2095 Merena,
1017 2051 1052 2083 in
1077 2049 1168 2084 valle
1193 2049 1372 2083 Barranco
1400 2048 1526 2093 bondo,
1551 2049 1585 2083 in
1610 2048 1769 2084 faucibus
1795 2049 1874 2084 Pto.

221 2099 264 2133 de
290 2099 583 2143 Despei‘iaperros
607 2097 758 2141 aliisque
783 2097 930 2131 vallibus
955 2096 1174 2131 formationis
1201 2096 1462 2138 grauwakanae
1487 2095 1574 2130 satis
1599 2095 1731 2140 frequ.,
1760 2095 1878 2140 WK.),

224 2145 430 2180 Extremad.
458 2145 662 2189 (LAGUNA,
690 2144 817 2178 Cerros
843 2143 885 2177 de
911 2143 1108 2178 Cabezuela
1132 2153 1184 2186 pr.
1210 2143 1408 2188 Plasencia,
1434 2142 1589 2177 BOURG.
1606 2143 1648 2187 !);
1688 2162 1731 2167 —
1770 2146 1807 2184 β.
1841 2142 1877 2176 in

221 2204 316 2237 prov.
342 2192 500 2226 Malacit.
526 2202 578 2236 pr,
604 2190 729 2225 Ronda
754 2190 947 2234 (Pinsapar
971 2190 1013 2224 de
1039 2189 1175 2233 Ronda,
1201 2189 1403 2233 LAGUNA).
1423 2209 1467 2214 —
1487 2189 1530 2233 ὴ.
1554 2188 1590 2223 fl.
1617 2190 1716 2233 Apr.,
1741 2189 1783 2223 fr.
1802 2188 1877 2223 Jul.

223 2241 265 2283 (v.
290 2239 348 2281 v.).
400 2238 533 2277 »Arce,
559 2238 694 2281 Acere,
721 2238 834 2283 Azar,
863 2236 970 2281 Afre,
997 2236 1135 2281 Sz‘were,
1161 2236 1313 2272 Aciron«
1341 2236 1497 2281 Castell.,
1527 2235 1736 2271 »Escarrio«
1767 2235 1877 2280 (prov,

224 2285 384 2330 Burgos),
414 2285 526 2320 »Ure«
554 2284 666 2319 Catal.

269 2342 359 2377 Hab.
388 2356 421 2377 (ι.
447 2344 481 2377 in
512 2342 640 2385 Lusit.,
666 2341 770 2386 Gall„
797 2340 915 2375 Germ.
940 2341 1123 2383 Rhenana,
1151 2341 1260 2387 Cors,
1286 2341 1380 2386 Ital„
1406 2341 1536 2387 Tyrol.,
1563 2340 1727 2386 Carniol.,
1752 2340 1881 2386 Hung,

224 2389 353 2435 emat,
379 2389 544 2434 Dalmat.‚
571 2389 689 2434 Tum,
714 2388 851 2430 Graec.,
879 2388 966 2423 Asia
989 2388 1083 2430 min.‚
1109 2389 1245 2434 Iberia,
1271 2388 1433 2434 Caucas.,
1460 2389 1584 2434 Syria,
1610 2388 1709 2423 Pers.
1734 2388 1879 2423 boreali.

272 2470 375 2504 4190.
425 2471 472 2503 A.
499 2469 765 2510 platanoides
802 2467 842 2502 L.
881 2467 962 2503 Cod.
1001 2479 1034 2502 n.
1060 2469 1166 2503 76381
1215 2468 1287 2503 GR.
1313 2468 1442 2503 GODR.
1480 2468 1502 2503 l.
1527 2480 1556 2503 c.
1591 2481 1624 2513 p.
1652 2468 1734 2503 3221
1783 2468 1877 2503 AMO

180 2518 201 2552 l.
229 2528 258 2552 e.
284 2528 317 2561 p.
346 2517 384 2550 51
434 2515 556 2549 RCHss.
583 2516 629 2549 le.
656 2515 677 2549 l.
704 2526 731 2549 c.
758 2515 780 2549 f.
807 2516 917 2549 4828!
968 2514 1176 2555 Arboreum,
1206 2516 1356 2559 elatum,
1383 2516 1529 2550 ramulis
1555 2515 1701 2550 novellis
1726 2515 1881 2560 petiolis-

180 2574 246 2609 que
273 2573 375 2598 succo
400 2562 514 2597 lacteo
540 2561 774 2602 scatentibus,
800 2561 893 2597 foliis
919 2561 1019 2605 longe
1044 2562 1224 2606 petiolatis
1247 2563 1399 2606 magnis,
1427 2562 1572 2605 glabris,
1598 2562 1705 2596 limbo
1731 2561 1880 2596 circuitu

181 2608 540 2653 cordato-rotundato,
568 2608 697 2651 5—lobo,
722 2608 812 2643 lobis
838 2608 915 2643 sinu
933 2608 1121 2643 rotundato
1140 2609 1325 2654 separatis,
1352 2610 1478 2654 acutis,
1503 2619 1622 2653 grosse
1641 2607 1881 2643 sinuato-den-

180 2657 275 2702 tatis,
301 2656 464 2691 dentibus
489 2655 619 2700 acutis3
662 2655 771 2701 cymis
796 2654 1005 2690 dichotomis
1032 2655 1137 2689 dense
1164 2656 1380 2700 corymbosis
1406 2656 1545 2698 erectis,
1571 2655 1679 2690 ramis
1703 2654 1881 2699 peduncu-

184 2704 227 2738 lis
252 2703 512 2747 filamentisque
537 2701 680 2745 glabris,
706 2702 837 2746 sepalis
861 2702 1058 2746 petalisque
1083 2703 1410 2749 luteo-virentibus3
1443 2703 1615 2737 fructibus
1639 2701 1775 2744 magnis
1800 2711 1883 2745 pen·

184 2750 286 2795 dulis,
312 2749 461 2794 glabris,
488 2749 602 2784 coccis
628 2749 838 2792 compressis
864 2748 1083 2793 applanatis‚
1108 2749 1262 2784 tenuiter
1287 2749 1465 2790 nervosis,
1489 2749 1555 2783 alis
1580 2748 1694 2791 longis
1719 2748 1882 2792 latisque,

184 2796 262 2830 basi
299 2807 365 2830 non
402 2796 619 2839 angustatis,
662 2795 897 2840 subcurvatis,
940 2795 1077 2829 demum
1115 2796 1386 2832 horizontaliter
1419 2795 1633 2841 patentibus.
1674 2814 1717 2819 —-
1765 2795 1884 2829 Arbor

187 2842 230 2875 40
251 2843 335 2875 -So‘
361 2842 444 2886 alta,
470 2853 570 2877 coma
595 2847 708 2877 ovata.
756 2842 939 2877 Foliorum
962 2842 1091 2877 limbus
1117 2843 1230 2877 5-8”
1257 2843 1360 2878 diam.
1385 2841 1625 2878 transversali.
1676 2841 1766 2876 Alae
1792 2841 1883 2876 frue-

188 2893 282 2921 tuum
311 2890 483 2923 15--18”’
508 2889 600 2932 long.
627 2889 662 2923 et
688 2889 814 2923 5-7“‘
839 2888 944 2924 latae.

237 2990 244 2996 ι
282 2944 323 2977 In
349 2947 548 2981 nemoribus
574 2947 727 2990 regionis
752 2951 905 2981 montan.
932 2946 1162 2981 Catalauniae
1189 2947 1385 2991 (Monseny,
1411 2945 1536 2989 QUER,
1562 2955 1613 2989 pr.
1639 2945 1767 2990 Berga,
1793 2944 1884 2989 Olot,

236 2990 422 3036 mPyren.,
448 2993 577 3035 CSTA„
595 3004 624 3028 c.
643 2993 843 3038 Mongarre,
870 2993 996 3038 Viella,
1021 2992 1217 3038 Benasque,
1244 2993 1413 3037 VIDAL.).
1448 2992 1489 3026 In
1515 2991 1627 3026 hortis
1651 3002 1692 3027 ac
1717 2991 1884 3038 pomeriis

237 3047 374 3081 quoque
400 3038 505 3073 culta.
536 3060 575 3064 —
607 3039 648 3084 ὴ.
675 3040 796 3085 Mart,
823 3040 908 3086 Apr.
935 3040 977 3084 (v.
1003 3039 1060 3083 v.).
