1976 3314
974 107 1066 152 552

170 241 247 264 nem
272 230 472 273 aequante),
499 229 690 265 seminibus
714 229 874 272 oblongis
899 229 1008 272 nigris
1034 231 1225 262 retrorsum
1249 226 1441 271 puberulis,
1470 227 1606 262 laciniis
1624 227 1718 261 arilli
1736 227 1862 262 latera-

170 277 260 311 libus
286 275 493 311 subfalcatis
517 275 591 310 fere
618 276 760 311 seminis
785 276 921 321 apicem
947 273 1213 317 attingentibus.

264 333 305 367 In
328 334 507 377 Aragonia
531 333 711 378 superiore
736 334 806 378 (pr.
827 332 936 367 Uruel
961 341 1080 366 versus
1098 330 1183 374 Ara,
1209 329 1342 375 Asso).
1360 350 1403 355 —
1424 338 1460 371 21.
1487 331 1596 376 Majo,
1621 330 1728 367 ,lunio
1745 331 1792 375 (n.
1810 331 1867 375 v.).

263 390 354 426 Hab.
380 392 415 425 in
440 390 531 426 Gall.
557 391 697 435 orient,
724 391 843 435 Belg,
869 390 986 424 Germ.
1012 387 1132 432 occid,
1158 387 1248 422 med.
1274 393 1310 423 et
1333 393 1455 431 austr„
1480 389 1613 434 Austr.,
1639 388 1752 434 Helv.,
1776 389 1868 428 Ital..

219 437 345 482 Oroat,
371 438 497 490 Hung,
525 437 801 473 Transsilvania.

263 505 438 540 Observ.
485 505 598 548 Quum
624 505 711 539 haec
738 504 873 548 species
900 513 1012 547 neque
1038 502 1074 537 in
1099 502 1280 546 Aragonia
1315 512 1427 547 neque
1461 505 1497 538 in
1521 504 1717 550 Pyrenaeis
1753 514 1866 548 neque

218 552 252 585 in
277 551 395 587 Gallia
427 551 635 586 occidentali
667 562 688 585 a
722 550 978 586 recentioribus
1014 549 1200 584 observata
1225 554 1289 594 est,
1316 559 1394 584 eam
1419 549 1454 584 in
1479 551 1621 594 regione
1645 561 1666 585 a
1692 551 1734 586 cl.
1760 551 1866 586 ASSO

216 597 372 634 indicata
396 608 553 633 crescere
578 598 634 632 vix
660 597 846 632 crederem.
897 596 966 631 Sed
994 606 1165 640 quaenam
1190 596 1262 631 alia
1287 596 1423 642 species
1448 607 1526 632 cum
1549 598 1587 632 P.
1614 597 1866 633 Chamaebuxu

216 645 423 680 commutari
446 645 586 690 potest?

286 797 570 838 DCCCLXXV.
633 797 1017 839 BRACHYTROPIS
1051 797 1130 838 DC.
1163 798 1301 840 Prodr.
1336 798 1370 849 1,
1419 811 1453 850 p.
1486 797 1591 839 332!
1624 800 1719 847 [sub
1754 801 1865 853 Poly-

174 856 297 907 gala).
360 855 502 907 Sepala
551 856 806 907 subaequalia
855 856 1000 908 (impar
1032 855 1264 896 lateralibus
1298 856 1460 909 longior
1492 861 1532 897 et
1563 857 1724 910 elatior)
1771 870 1865 898 con-

170 925 276 963 cava,
308 913 509 962 corollina,
540 913 813 965 persistentia.
856 913 956 954 Alae
989 915 1286 968 symmetricae,
1318 913 1433 954 valde
1465 926 1680 966 concavae,
1712 916 1864 968 postico

170 982 262 1010 sese
299 969 589 1021 amplexantes,
619 971 798 1011 corollae
822 971 1050 1023 parallelae,
1072 973 1354 1024 persistentes,
1383 973 1520 1012 nervis
1544 970 1680 1013 9—11
1709 974 1860 1013 teneris

169 1027 719 1081 ssabellate-divergentibus,
751 1029 1057 1069 subdichotome
1091 1030 1278 1080 ramosis,
1309 1030 1423 1069 venis
1447 1042 1526 1070 non
1560 1035 1861 1071 anastomosan-

169 1085 283 1125 tibus.
347 1084 530 1125 Corollae
564 1086 680 1126 tubus
714 1087 847 1127 brevis
882 1093 1092 1138 curvatus,
1123 1087 1268 1139 petalis
1301 1087 1533 1128 lateralibus
1566 1089 1662 1129 tubo
1695 1088 1865 1141 paralle-

168 1142 227 1191 lis,
262 1144 458 1193 maximis,
490 1143 650 1196 oblique
675 1144 1149 1197 flabellato-spathulatis,
1175 1145 1699 1197 convoluto-equitantibus,
1730 1146 1864 1186 carina

167 1199 361 1240 cucullata
401 1201 564 1241 cristata
603 1202 771 1242 imberbi
818 1203 939 1243 multo
973 1203 1237 1255 longioribus,
1302 1203 1479 1243 Stamina
1512 1203 1867 1256 submonadelpha,

165 1258 374 1297 filamentis
410 1270 552 1310 nempe
587 1261 748 1299 omnino
781 1273 869 1300 cum
903 1260 1082 1300 corollae
1125 1260 1219 1300 tubo
1253 1260 1299 1300 ad
1333 1260 1523 1301 antheras
1555 1274 1684 1313 usque
1717 1273 1865 1302 conna—

167 1316 229 1366 tis,
261 1315 439 1355 antheris
463 1317 685 1368 apiculatis,
718 1318 934 1358 introrsum
958 1317 1305 1371 longitudinaliter
1328 1318 1631 1359 dehiscentibus
1655 1318 1720 1373 (ἓ).
1763 1319 1865 1359 Ova-

165 1373 265 1412 rium
298 1373 477 1414 breviter
509 1375 751 1426 stipitatum,
795 1375 901 1429 stylo
945 1375 1097 1428 apicem
1143 1387 1288 1416 versus
1322 1376 1631 1428 subrecurvato,
1676 1378 1866 1430 stigmate

165 1431 427 1482 inaequaliter
474 1431 670 1484 profunde
717 1432 862 1473 bilobo.
927 1433 1097 1485 Capsula
1140 1433 1374 1482 loculicida;
1419 1435 1574 1474 semina
1621 1447 1644 1474 e
1686 1435 1863 1476 funiculo

166 1489 306 1528 conico
340 1501 497 1529 sursum
532 1495 697 1529 curvato
721 1503 742 1530 a
766 1491 868 1542 septi
893 1492 1006 1542 apice
1030 1491 1145 1530 valde
1169 1496 1326 1531 remoto
1349 1492 1533 1543 pendula,
1564 1492 1678 1532 arillo
1702 1492 1863 1546 galeae—

165 1546 278 1585 i'ormi
312 1547 523 1598 tripartito,
555 1548 696 1587 lacinia
730 1548 869 1600 impari
894 1548 1083 1601 elongato
1107 1554 1334 1597 recurvato,
1366 1549 1595 1590 lateralibus
1618 1551 1683 1590 vix
1705 1551 1862 1591 tertiam

164 1604 327 1643 seminis
366 1610 518 1656 partem
553 1605 817 1657 aequantibus
851 1607 948 1645 satis
982 1606 1182 1659 longiore.
1244 1607 1440 1647 Albumeu
1474 1619 1648 1659 parcum.

253 1734 355 1766 4171.
382 1735 426 1767 B.
446 1736 723 1775 microphylla
742 1733 814 1779 (L.)
834 1734 875 1767 W
884 1741 921 1767 Κ.
942 1735 1129 1780 (Polygala
1147 1734 1383 1779 microphylla
1401 1735 1440 1769 L.
1457 1734 1539 1769 Cod.
1559 1746 1590 1771 n.
1607 1737 1713 1771 5149!
1739 1736 1864 1771 BROT.

167 1779 219 1812 1⁸1.
246 1778 327 1813 Lus.
356 1779 409 1823 11,
436 1792 468 1824 p.
496 1782 541 1815 30
565 1786 600 1815 et
624 1781 794 1825 Phytogr.
821 1781 904 1816 Lus.
933 1781 989 1826 ΙΙ,
1028 1793 1062 1825 p.
1090 1783 1177 1822 214,
1217 1787 1240 1816 t.
1271 1783 1354 1816 1751
1403 1781 1475 1816 LK.
1501 1782 1657 1816 HFFGG.
1685 1782 1737 1817 Fl.
1765 1783 1861 1819 Port.

166 1825 191 1866 Ι,
218 1830 240 1859 t.
268 1827 323 1869 56,
349 1826 441 1860 Ano
467 1826 487 1860 l.
515 1837 543 1861 c.
569 1839 602 1871 p.
631 1829 712 1863 310!
741 1827 842 1872 [excl.
870 1827 972 1872 syn.],
999 1827 1087 1862 WK.
1115 1828 1162 1872 pl.
1188 1828 1290 1872 Hisp.
1317 1838 1389 1863 exs.
1419 1829 1518 1872 1845,
1544 1840 1577 1863 11.
1604 1830 1683 1874 588,
1707 1829 1862 1864 BOURG.

162 1872 207 1915 pl.
235 1881 308 1906 exs.
334 1883 365 1906 n.
391 1874 499 1908 2591!
550 1874 588 1908 P.
615 1873 824 1910 Lusitanica
846 1873 1062 1916 frutescens,
1099 1884 1225 1918 magno
1262 1873 1366 1918 flore,
1404 1874 1498 1909 foliis
1524 1875 1677 1910 minimis
1704 1876 1859 1911 TOURN.

162 1918 365 1961 lnst.175.).
415 1918 549 1954 Glabra
574 1921 788 1966 subaphylla
811 1920 921 1965 (foliis
948 1930 1074 1965 nempe
1100 1931 1180 1955 mox
1205 1920 1395 1965 deciduis),
1422 1921 1566 1956 caudice
1593 1932 1708 1957 ramos
1733 1934 1759 1958 s.
1782 1934 1862 1958 cau-

162 1965 213 1999 les
238 1965 366 2000 multos
391 1965 545 2009 virgatos
571 1967 904 2011 angulato-falcatos
930 1967 1084 2010 lignosos
1112 1967 1173 2001 sed
1199 1967 1328 2002 virides
1355 1967 1490 2003 diffuse.
1518 1978 1626 2013 saepe
1639 1968 1862 2005 fasciculato—

160 2021 316 2046 ramosos
342 2012 484 2055 edente3
512 2012 605 2048 foliis
631 2015 749 2059 parvis
774 2014 1136 2058 lineari-lanceolatis,
1163 2013 1267 2049 dorso
1293 2014 1473 2055 carinatis,
1500 2016 1646 2050 racemis
1660 2015 1862 2051 multifloris

162 2058 370 2094 axillaribus
396 2059 532 2104 apicem
557 2071 733 2096 ramorum
758 2071 880 2096 versus
906 2061 1113 2095 racemosim
1140 2059 1334 2105 dispositis,
1358 2060 1504 2096 floribus
1531 2062 1683 2096 breviter
1707 2062 1861 2107 pedicel—

159 2104 253 2148 latis,
280 2106 645 2158 lii-acteisqbracteolis
664 2107 866 2152 sepalisque
885 2109 904 2142 3
923 2107 1159 2142 exterioribus
1177 2107 1662 2152 diaphano-membranaceis,
1688 2110 1863 2145 coerules-

157 2151 326 2196 centibus,
353 2159 475 2195 oratis,
502 2153 656 2189 bracteis
682 2154 855 2199 pedicello
882 2163 1033 2198 superne
1059 2153 1256 2189 incrassato
1283 2160 1363 2198 post
1388 2154 1554 2189 anthesin
1579 2161 1762 2190 recurvato
1785 2156 1861 2191 bre-

159 2197 331 2243 vioribus,
358 2199 488 2244 sepalis
518 2201 770 2244 1—3-nerviis,
797 2201 1089 2244 subaequalibus,
1117 2200 1183 2235 alis
1209 2199 1280 2235 late
1306 2201 1416 2235 ovatis
1443 2201 1521 2236 basi
1546 2202 1756 2246 attenuatis,
1781 2212 1862 2237 azu-

161 2244 241 2286 reis,
267 2244 404 2279 demum
423 2246 710 2293 pallescentibus,
736 2247 887 2282 corollae
904 2252 1004 2292 parte
1022 2246 1187 2281 tubulosa
1206 2247 1581 2293 geniculato-arcuata,
1607 2258 1736 2283 azurea
1745 2263 1752 2294 3
1778 2249 1861 2293 stig-

159 2291 262 2325 matis
288 2292 441 2327 coerulei
466 2292 559 2327 labio
586 2294 700 2329 altero
724 2300 899 2339 porrecto,
926 2294 1038 2328 altero
1064 2293 1402 2335 uncinato-deflexo3
1428 2295 1574 2339 capsula
1591 2295 1745 2331 breviter
1762 2296 1862 2341 stipi-

159 2343 243 2377 tata,
269 2338 624 2375 obcordato-cuneata
649 2341 720 2376 late
745 2341 840 2375 alata
881 2340 953 2385 (ala
976 2339 1129 2375 loculum
1154 2340 1357 2383 contiguum
1383 2341 1566 2376 latitudine
1593 2342 1862 2387 subaequante),

159 2394 286 2426 magna
310 2385 371 2420 sed
397 2386 462 2420 alis
487 2386 656 2430 breviore,
684 2388 873 2422 seminibus
900 2387 962 2421 snb
981 2386 1082 2421 arillo
1101 2387 1135 2420 iu
1154 2387 1308 2431 stipitem
1323 2388 1529 2431 attenuatis,
1556 2388 1728 2433 oblongis,
1753 2389 1859 2433 nigri-

159 2430 330 2474 cantibus,
357 2431 546 2475 puberulis.
565 2453 607 2458 —-
627 2433 753 2468 Caules
779 2433 938 2477 ramique
963 2432 1153 2477 filiformes,
1180 2434 1318 2467 3--15¹‘
1345 2434 1379 2476 l.,
1407 2440 1468 2469 aut
1492 2435 1661 2479 prostrati
1686 2441 1747 2470 aut
1771 2435 1862 2470 inter

157 2475 299 2512 dumeta
325 2478 545 2523 scandentes,
570 2480 656 2514 folia
681 2481 808 2514 2—5“‘
834 2480 867 2520 l.,
898 2480 1043 2524 ¹s2-l“‘
1062 2480 1135 2523 lat,
1162 2478 1240 2514 alae
1264 2481 1393 2514 4—-5‘¹‘
1410 2481 1444 2515 l..
1472 2482 1536 2516 sub
1562 2482 1658 2516 anth.
1684 2486 1858 2526 patentes.

159 2523 301 2558 Racemi
337 2524 558 2560 5—10—flori.
608 2526 712 2561 Folia
747 2526 921 2571 pulvinari
960 2525 1134 2570 insidunt,
1181 2527 1407 2570 quamobrem
1445 2529 1533 2562 rami
1571 2528 1664 2564 foliis
1705 2528 1859 2573 delapsis

158 2570 370 2605 tuberculati
395 2571 555 2607 evadunt.

251 2640 290 2673 lu
315 2640 401 2675 locis
426 2641 581 2676 dumosis
606 2641 848 2685 glareosisque
874 2641 1026 2684 regionis
1053 2641 1208 2675 inferior.
1235 2648 1269 2676 et
1295 2648 1447 2677 montan.
1473 2642 1668 2687 Hispaniae
1700 2642 1858 2678 occiden-

205 2686 265 2719 tal.
285 2688 430 2730 passini:
456 2688 492 2721 in
517 2687 652 2722 Gallec.
679 2689 744 2732 (pr.
772 2688 917 2731 Orense,
943 2687 977 2722 S.
1003 2686 1118 2722 Pedro
1143 2687 1185 2722 de
1210 2689 1262 2723 los
1288 2694 1433 2731 montes,
1460 2689 1640 2733 POURR.),
1666 2699 1773 2732 regno
1790 2689 1857 2724 Le-

205 2733 294 2773 gion.
321 2734 368 2776 (in
394 2733 523 2769 ditione
549 2735 581 2769 el
600 2733 739 2776 Vierzo,
767 2734 919 2775 TEXID.,
946 2733 1122 2769 XVINKLA
1147 2734 1280 2769 Puerto
1298 2735 1340 2770 de
1371 2735 1571 2778 Manzanal,
1597 2735 1712 2770 LGE.!
1739 2742 1856 2771 monte

206 2777 237 2810 S.
265 2778 378 2813 lsidro
404 2792 456 2824 pr.
482 2780 598 2825 Leon,
636 2781 841 2825 BOURG.!),
876 2781 976 2816 Baet.
1011 2781 1077 2824 (pr.
1104 2780 1181 2816 Pto.
1215 2781 1256 2816 (le
1282 2781 1356 2816 Sta.
1383 2782 1518 2826 Maria,
1545 2781 1660 2826 GUT.,
1687 2782 1793 2826 BSS.,
1821 2783 1856 2817 in

207 2829 321 2858 monte
347 2826 497 2861 Picacho
523 2827 566 2862 de
590 2827 717 2862 Alcala
742 2827 785 2861 de
809 2827 861 2861 los
875 2826 1026 2862 Gazules
1044 2832 1150 2870 atque
1167 2828 1228 2863 int.
1246 2828 1374 2863 Alcala
1390 2835 1425 2863 et
1442 2828 1638 2869 Algeciras,
1663 2828 1856 2864 SCHOTT.!

210 2868 340 2912 WBR„
366 2872 399 2904 in
425 2874 569 2908 montib.
596 2885 704 2918 supra
731 2874 913 2917 Algeciras
940 2878 1046 2916 atque
1070 2873 1114 2907 ad
1141 2874 1268 2910 fretum
1295 2874 1448 2910 Ilcrcul..
1479 2874 1574 2917 ΝΚ,
1604 2874 1687 2909 BSS.
1714 2874 1853 2911 REUT.!

212 2914 379 2951 Wlfflin!
408 2918 605 2962 FRrrznz).
634 2941 669 2943 —
704 2921 746 2963 ὴ.
774 2920 1029 2964 Mart-.-Majo
1055 2920 1097 2962 (v.
1124 2921 1177 2959 v.).

252 2971 339 3006 Hab.
366 2986 501 3017 quoque
527 2976 561 3010 in
588 2977 782 3012 Lusitania.
