1976 3314
892 166 986 211 125

81 289 171 326 alias
198 290 338 326 steriles
365 289 455 326 alias
479 289 617 325 fertiles
643 289 789 330 edente;
821 288 918 323 foliis
943 288 1182 323 subcoriaceis
1207 286 1348 331 nitidis,
1374 286 1533 322 cuneatis
1560 286 1595 321 in
1620 286 1791 332 petiolum

79 338 292 381 attenuatis,
324 338 425 383 apice
458 337 697 372 subtruncatis
726 341 761 371 et
793 346 915 378 grosse
947 336 1100 370 crenatis
1134 345 1240 379 saepe
1273 334 1501 376 subtrilobis,
1537 335 1791 377 angustissime

81 384 553 428 cartilagineo-marginatis,
588 383 824 428 subenerviis3
857 382 974 427 scapis
1000 382 1128 416 erectis
1156 383 1271 415 2—5“
1299 382 1322 416 l.
1349 381 1560 425 gracilibus,
1586 382 1688 425 apice
1714 392 1792 415 cum

79 432 226 466 ramulis
262 431 539 476 pedunculisque
577 429 1021 473 glanduloso-puberulis3
1068 428 1211 463 floribus
1251 428 1286 462 in
1333 428 1536 473 paniculam
1576 438 1791 462 racemosam

80 478 222 512 brevem
247 484 282 513 et
307 484 493 521 angustam
512 477 705 521 dispositis,
731 476 936 520 bracteatis,
962 475 1183 517 longiuscule
1208 475 1456 519 pedunculatis
1482 475 1632 512 erectis:
1660 475 1792 518 sepalis

80 525 240 567 oblongis
265 525 399 568 glabris
425 536 505 559 mox
530 523 692 566 reflexis,
725 523 856 568 petalis
882 523 1003 567 calyce
1029 522 1240 567 2—:3-plove
1266 522 1482 565 longioribus
1508 522 1794 556 obovato-oblon-

81 572 134 615 gis
160 571 262 608 albis,
288 572 366 607 basi
391 571 532 606 macula
554 571 651 605 lutea
669 571 811 614 notatiS,
836 570 998 604 antheris
1015 569 1370 613 au1·antiacis,·stylis
1389 568 1620 609 abbreviatis,
1646 568 1794 612 capsula

80 619 200 663 calyce
235 618 343 663 duplo
380 619 551 661 longiore.
659 617 761 651 Folia
799 617 922 651 subtus
960 627 1066 660 saepe
1102 616 1418 661 purpurascentia,
1458 616 1579 660 petala
1616 614 1792 649 interdum

82 666 388 709 rubro-punctata.

174 723 214 756 In
239 722 375 758 fissuris
401 724 553 768 rupium,
578 721 623 756 ad
648 721 778 756 rivulos
804 721 957 764 regionis
982 725 1087 755 mont.
1116 726 1150 754 et
1177 719 1351 764 subalpin.
1376 718 1510 753 Gallec.
1539 719 1674 763 (Sierra
1703 718 1793 752 Mei-

124 779 235 809 rama,
259 769 394 813 LGE.!)
422 776 458 805 et
482 770 697 815 Pyrenaeor.
723 769 878 811 Aragon.
905 772 940 802 et
965 767 1076 802 Catal.
1104 767 1240 810 (Monte
1266 766 1356 806 Izas,
1384 766 1486 809 Soba,
1516 766 1623 810 Ass,
1650 766 1685 799 in
1711 765 1794 811 Pyr.

130 817 254 861 catal„
280 817 426 861 SALV.).
454 838 497 842 -—
527 826 561 857 Δ.
587 815 670 850 JUn.
697 815 769 849 Jul.
798 815 841 859 (V.
869 814 910 859 s.)

173 873 262 908 Hab.
288 874 324 908 in
348 875 488 919 Pyren„
515 874 675 910 Cevenn..
702 873 835 918 Alpib.,
861 873 1011 916 Appen,
1039 871 1241 916 Carpathis.

180 957 282 991 3217.
335 958 372 990 S.
408 958 607 989 umbrosa
646 954 685 988 L.
723 954 805 988 Cod.
844 965 876 987 n.
909 954 1020 988 3152!
1062 951 1160 985 LAP.
1193 951 1248 984 Fl.
1276 951 1358 995 Pyr.
1395 955 1417 985 t.
1445 952 1488 983 22
1523 956 1559 984 et
1590 949 1683 984 Hist.
1717 950 1792 984 abr.

84 1014 117 1047 p.
145 1004 232 1037 229!
259 1002 332 1036 GR.
358 1001 488 1036 GODR.
515 1003 538 1037 l.
565 1013 594 1037 c.
621 1014 653 1046 p.
681 1002 768 1035 639!
796 1000 971 1034 STERNB.
998 998 1082 1032 Rev.
1110 998 1137 1041 I,
1163 1003 1186 1032 t..
1217 1000 1279 1033 171
1306 997 1429 1031 Rcflss.
1458 997 1503 1031 Ic.
1531 997 1578 1041 pl.
1605 997 1681 1030 crit.
1711 998 1792 1042 VII,

82 1061 115 1093 p.
145 1050 230 1084 620!
267 1050 421 1084 BOURG.
448 1049 494 1093 pl.
521 1049 614 1093 hisp.
641 1059 713 1082 exS.
740 1059 772 1081 n.
800 1049 910 1081 2645!
960 1045 1193 1079 Praecedenti
1219 1044 1343 1079 similis
1380 1043 1441 1078 sed
1467 1044 1577 1078 multo
1603 1044 1794 1087 robustior,

80 1096 173 1131 foliis
199 1096 414 1140 spathulatis
449 1097 485 1130 in
516 1095 688 1140 petiolum
715 1095 827 1129 latum
852 1093 1055 1134 contractis,
1088 1092 1196 1126 limbo
1227 1091 1454 1125 circacircum
1480 1097 1793 1135 cremato-serrato,

80 1143 543 1186 cartilagineo-marginato:
579 1142 696 1186 scapis
732 1141 859 1176 erectis
892 1140 1032 1174 6—1o“
1063 1139 1086 1174 l.
1118 1139 1274 1173 robustis
1307 1138 1441 1181 glabris
1475 1143 1536 1172 aut
1569 1137 1794 1181 glanduloso-

81 1190 217 1224 villosis
243 1202 273 1224 v.
299 1190 493 1235 puberulis,
519 1189 738 1231 rubentibus,
764 1189 865 1232 apice
890 1200 919 1221 v.
939 1198 960 1221 a
976 1185 1091 1220 medio
1117 1186 1239 1230 patule
1265 1185 1425 1226 ramosis,
1452 1184 1558 1218 ramis
1584 1184 1793 1219 fioribundis

81 1237 282 1280 paniculam
309 1237 509 1279 elongatam
543 1237 660 1270 laxam
691 1235 838 1269 effusam
869 1233 1122 1277 formantibus,
1156 1233 1263 1266 ramis
1300 1231 1581 1276 pedunculisque
1614 1231 1659 1266 ad
1690 1232 1792 1266 basin

79 1284 292 1327 bracteam,
319 1284 473 1318 bracteis
499 1282 824 1325 lineari-oblongis,
857 1281 1003 1315 ramulis
1029 1279 1308 1324 pedunculisque
1334 1277 1558 1321 glanduloso-
1583 1284 1618 1312 et
1643 1278 1794 1312 viscoso-

79 1330 278 1375 puberulis;
314 1331 446 1375 sepalis
471 1330 630 1373 oblongis
656 1328 817 1373 reflexis,
844 1328 973 1373 petalis
1000 1327 1159 1370 oblongis
1187 1326 1307 1371 calyce
1334 1325 1440 1370 duplo
1466 1325 1674 1368 majoribus.
1700 1325 1792 1359 albis

79 1378 202 1412 rubro-
228 1382 263 1412 et
288 1376 584 1422 flavo-punctatis,
611 1376 821 1411 staminibus
846 1375 966 1420 petala
991 1373 1239 1417 aequantibus,
1267 1373 1368 1417 stylis
1392 1372 1554 1407 brevibus
1580 1372 1792 1415 diver-genti-

79 1425 154 1467 bus,
180 1424 328 1469 capsula
345 1425 465 1469 calyce
485 1424 679 1468 3—4plove
706 1424 873 1467 longiore.
893 1442 933 1446 -
955 1421 1058 1455 Folia
1078 1421 1252 1463 coi-iacea,
1281 1418 1447 1463 1—1¹s2“
1473 1419 1579 1462 longa
1603 1425 1639 1453 et
1665 1419 1792 1452 6—-9“‘

80 1471 165 1514 lata,
191 1471 271 1505 laxe
297 1471 466 1515 rosulata,
492 1470 600 1506 fiores
625 1471 734 1515 parvi.

172 1541 228 1575 Ad
244 1552 348 1586 rupes
363 1541 538 1586 humidas,
554 1541 684 1575 rivulos
698 1541 733 1574 in
756 1540 840 1574 locis
858 1538 1029 1573 muscosis
1049 1537 1245 1579 uliginosis,
1261 1536 1305 1570 ad
1319 1541 1520 1570 cataractas
1536 1534 1689 1577 regionis
1712 1535 1791 1569 sub-

131 1588 242 1633 alpin.
269 1589 530 1633 Pyrenaeorum
557 1588 668 1623 Catal.
696 1593 731 1622 ct
749 1588 902 1629 Aragon.
929 1584 1153 1629 (Maladettn,
1179 1583 1284 1617 Valle
1311 1588 1345 1616 et
1370 1587 1496 1626 puerto
1522 1581 1564 1615 de
1590 1581 1787 1625 Benasque,

131 1634 273 1674 Zama,
301 1635 437 1669 CSTA.!
475 1635 604 1680 Pyren.
632 1635 737 1668 catal.
763 1634 904 1675 orient.,
940 1632 1087 1675 CSTA.),
1123 1631 1160 1664 in
1184 1641 1290 1673 regno
1316 1629 1530 1672 Legionensi
1557 1629 1622 1672 (pr.
1650 1628 1785 1671 Castro,

130 1681 281 1725 Lem),
317 1682 435 1716 Astur.
467 1682 517 1726 (in
541 1681 631 1715 valle
658 1681 814 1723 Naviego
840 1680 885 1713 ad
909 1679 993 1713 Pico
1021 1678 1063 1712 (le
1090 1678 1203 1711 Arvas
1230 1687 1355 1720 usque,
1387 1675 1506 1719 Dua„
1541 1674 1709 1708 Pefiafior
1734 1686 1786 1719 pr.

129 1728 266 1808 girado,
299 1728 489 1773 BOURG.!)
523 1734 559 1762 et
584 1728 677 1763 Cast.
703 1728 790 1762 Nov.
825 1726 872 1770 (S.
898 1725 1010 1760 Pablo
1035 1725 1078 1759 de
1104 1725 1264 1767 Montes,
1298 1724 1480 1766 POURR.).
1511 1742 1551 1746 —
1580 1731 1614 1762 21.
1643 1722 1787 1765 Majo—

156 1775 202 1808 ul.
229 1776 273 1819 (v.
301 1776 343 1819 S.)

174 1833 266 1869 Hab.
294 1833 330 1867 in
356 1833 496 1878 Pyren,
523 1832 656 1877 Alpib.,
683 1831 790 1871 Cors„
816 1829 933 1873 Angl„
964 1829 1145 1863 Hibernia.

172 1902 349 1937 Observ.
384 1902 514 1936 Planta
539 1901 710 1944 gallecica
736 1906 771 1935 et
796 1899 952 1934 asturica
976 1898 1141 1933 foliorum
1167 1901 1350 1931 serratura
1369 1905 1493 1938 grossa
1517 1893 1562 1928 ad
1588 1894 1623 1928 S.
1650 1896 1792 1930 serrati-

124 1949 245 1983 foliam
270 1949 406 1983 MACK.
435 1949 575 1993 (RCHB.
602 1948 650 1983 Ic.
676 1948 698 1982 l.
725 1958 754 1981 c.
782 1954 804 1983 t.
832 1946 938 1989 6241)
970 1944 1125 1986 accedit,
1158 1953 1248 1988 qnae
1281 1943 1360 1987 ipsa
1385 1943 1442 1976 vix
1467 1942 1621 1976 varietas
1648 1942 1790 1986 plantae

123 1995 354 2030 Linnaeanae
380 1996 530 2030 dicenda
556 1999 620 2030 est.

172 2079 274 2112 3218.
324 2080 361 2111 S.
389 2079 554 2111 hirsuta
579 2075 621 2110 L.
649 2074 730 2110 Cotl.
758 2085 791 2107 n.
819 2075 930 2108 3153!
957 2073 1054 2107 LAP.
1073 2071 1129 2106 Fi.
1148 2071 1230 2116 Pyr.
1256 2075 1280 2105 t.
1309 2072 1352 2104 23
1378 2075 1412 2104 et
1438 2069 1530 2104 Hist.
1550 2069 1623 2103 abr.
1651 2080 1686 2112 p.
1705 2068 1789 2102 229!

77 2124 203 2158 RCHB.
231 2125 253 2158 l.
280 2136 307 2158 e.
335 2130 359 2158 t.
387 2126 476 2160 7⁴21!
514 2123 585 2157 GR.
612 2122 742 2156 Goon.
769 2121 790 2155 l.
817 2132 858 2163 c..
895 2120 986 2155 WK.
1012 2120 1060 2164 pl.
1086 2129 1159 2153 exs.
1190 2119 1297 2158 1850,
1324 2128 1356 2151 n.
1386 2119 1422 2152 1!
1462 2117 1617 2150 Borma.
1644 2115 1690 2159 pl.
1717 2126 1789 2149 exs.

80 2182 110 2205 n.
140 2173 252 2206 2644!
303 2171 459 2214 Tenera,
492 2171 687 2204 rhizomate
714 2167 826 2207 tenui,
861 2167 999 2202 rosulas
1025 2166 1228 2200 laxissimas
1254 2164 1398 2207 edente,
1433 2164 1528 2197 foliis
1554 2164 1655 2205 longe
1681 2162 1792 2206 petio-

76 2218 174 2259 latis‚
208 2218 339 2263 petiolo
365 2217 521 2251 filiforini
556 2217 712 2259 hirsuto,
746 2215 854 2249 limbo
881 2213 1097 2249 subrotundo
1124 2211 1359 2246 crassiusculo
1385 2210 1461 2244 basi
1487 2209 1653 2253 cordato,
1680 2209 1792 2243 circa-

79 2265 211 2299 circum
245 2276 366 2307 grosse
399 2270 562 2307 cremato,
597 2270 746 2306 anguste
780 2260 1247 2303 cartilagineo-marginato,
1283 2263 1344 2292 aut
1376 2258 1499 2299 glabro
1533 2263 1594 2291 aut
1626 2256 1789 2299 utrinque

80 2312 160 2356 plus
185 2312 301 2347 minus
327 2312 464 2346 hirsuto
491 2311 536 2355 (S.
564 2310 675 2344 Geum
702 2309 755 2353 L„
787 2309 885 2342 LAP.
912 2308 966 2342 Fl.
994 2308 1075 2352 Pyr.
1103 2312 1127 2341 t.
1154 2306 1253 2349 24!);
1286 2305 1404 2349 scapis
1432 2304 1573 2337 6—14“
1599 2303 1621 2336 l.
1649 2303 1789 2347 erectis,

82 2359 287 2401 gracilibus,
313 2360 415 2402 apice
434 2363 493 2392 aut
511 2369 531 2392 a
548 2357 662 2391 medio
685 2356 883 2397 ramulosis,
909 2366 987 2389 cuni
1012 2353 1159 2388 ramulis
1185 2351 1464 2397 pedunculisque
1490 2350 1684 2384 bracteatis
1708 2349 1790 2394 plus

75 2406 191 2440 minus
228 2404 750 2449 glanduloso-pubescentibus3
787 2402 933 2437 floribus
971 2400 1167 2435 numerosis
1205 2399 1284 2433 laxe
1326 2397 1791 2443 pyramidato-paniculatis,

76 2453 207 2497 sepalis
232 2452 361 2496 petalis
381 2452 662 2494 staminibusque
679 2449 809 2494 speciei
828 2448 1085 2494 praecedentis,
1113 2446 1216 2492 stylis
1241 2446 1408 2480 brevibus
1430 2443 1788 2488 divaricato-patulis,

77 2499 224 2544 capsula
249 2500 370 2543 calyce
397 2499 477 2543 plus
503 2498 610 2543 duplo
636 2498 807 2540 longiore.

168 2569 210 2602 In
242 2569 329 2603 locis
361 2567 536 2611 humidis,
570 2567 761 2609 muscosis,
796 2565 954 2608 irrigatis
980 2564 1154 2598 umbrosis
1179 2563 1332 2606 regionis
1358 2561 1532 2597 inferior..
1568 2564 1722 2593 montan.
1752 2564 1788 2593 et

122 2616 297 2659 subalpin.
324 2614 518 2658 Hispaniae
550 2613 740 2658 pyrenaice
772 2619 807 2647 et
837 2612 1007 2646 borealis:
1042 2612 1076 2644 in
1101 2611 1229 2654 Pyren.
1256 2610 1411 2652 Aragon.
1438 2614 1474 2643 et
1499 2607 1681 2640 Navarrae
1707 2605 1789 2639 inde

122 2673 143 2696 a
167 2662 277 2696 radic.
303 2661 348 2695 ad
374 2662 433 2695 alt.
460 2662 563 2694 5000‘
590 2671 700 2704 usque.
726 2662 840 2703 frequ.
867 2658 1002 2702 (NVK),
1038 2657 1202 2692 Cantabr.
1236 2658 1302 2701 (pr.
1330 2656 1444 2693 Yrun,
1478 2653 1672 2694 Villareal,
1700 2651 1789 2685 Ver-

122 2720 220 2752 gara,
245 2709 424 2751 Durango.
450 2708 550 2741 Pena
575 2707 748 2751 Gorveya,
776 2707 829 2741 las
856 2705 1136 2739 Eucartaciones
1162 2709 1197 2738 et
1221 2704 1318 2745 alibi,
1351 2704 1378 2734 Nl
1395 2704 1459 2745 K),
1486 2701 1607 2735 Astur.
1635 2698 1790 2742 (Castro—

124 2755 300 2791 Urdiales.
326 2767 354 2789 c.
374 2754 506 2798 Grado,
532 2754 616 2788 Pico
642 2754 684 2788 (le
703 2753 878 2797 Tozaque.
906 2752 1019 2795 ΒΓΚ,
1045 2751 1159 2785 Barco
1186 2750 1229 2784 de
1247 2750 1329 2784 Soto
1347 2760 1398 2793 pr.
1418 2747 1559 2790 Oviedo,
1586 2746 1787 2790 BOURG.!),

123 2802 256 2837 Gallec.
284 2802 367 2847 (Ria
391 2802 448 2836 del
474 2801 611 2842 Ferrol,
639 2801 776 2844 PLAN.,
802 2811 831 2834 c.
859 2799 981 2833 Samos
1007 2804 1043 2832 et
1068 2797 1255 2840 Gallegos,
1282 2796 1404 2839 PAL.).
1432 2815 1473 2820 ff
1503 2802 1539 2834 Δ.
1565 2791 1786 2836 Majo—Jul.

125 2850 167 2893 (v.
197 2850 241 2892 v.)

168 2907 259 2941 Hab.
285 2907 320 2940 in
348 2907 488 2951 Pyren,
514 2906 645 2950 Alpib..
673 2904 853 2948 Carpath.,
881 2903 1064 2937 Hibernia.

123 2998 213 3033 Sect.
240 2998 313 3032 IX.
353 2997 708 3041 Micsropetalnm
735 2995 853 3030 Tscn.
880 2995 903 3028 l.
930 3005 970 3035 e.,
995 2994 1067 3027 GR.
1093 2992 1223 3026 GODR.
1250 2991 1272 3024 l.
1299 3002 1326 3024 c.
1353 3002 1385 3034 p.
1413 2990 1501 3024 639!
1538 2987 1656 3022 Caulis
1681 2987 1786 3021 folia-

284 3050 351 3086 tns,
377 3045 462 3079 folia
479 3045 629 3086 alterna,
657 3042 825 3077 basilaria
841 3041 1041 3085 caespitosa
1059 3052 1088 3074 v.
1106 3038 1344 3080 subrosulata,
1369 3037 1486 3071 onmia
1501 3036 1784 3076 membranacea,
