1976 3314
951 147 1044 191 768

195 271 241 306 ad
266 270 469 363 uilt.(400())¹,
494 270 592 307 BSS..
619 269 737 305 Sierra
761 267 925 312 Bermeja
950 266 996 302 ad
1020 266 1080 301 alt.
1108 267 1294 312 2—3000‘,
1320 266 1435 312 WK.).
1472 283 1516 293 —·-—
1558 272 1609 310 O.
1637 268 1846 314 Apr,-N0-

195 329 270 353 vem
299 346 306 353 .
345 329 374 354 v.
400 329 456 353 v..

242 375 332 411 Hah.
356 375 392 410 in
417 374 520 421 Gall„
547 375 680 416 Austr.,
706 373 799 417 Ital„
826 372 943 416 Turc.,
968 369 1058 406 Asia
1082 371 1228 407 minore.

239 457 342 491 4616.
389 457 420 490 Ι.
446 457 661 496 pectinata
697 454 782 488 BSS.
820 450 948 494 Diagn.
985 450 1033 496 pl.
1074 450 1198 486 orient.
1222 451 1288 486 No.
1315 451 1354 494 I,
1393 463 1427 496 p.
1454 452 1499 486 75
1538 456 1573 487 et
1607 451 1695 498 Voy.
1729 453 1847 499 suppl.

147 516 182 548 p.
209 504 297 538 7201
346 501 439 537 AMo
464 501 487 535 l.
512 512 541 536 c.
567 513 600 546 p.
627 501 713 535 606!
755 496 984 542 Bouno.'pl.
1011 496 1113 541 Hisp.
1138 508 1211 533 exs.
1238 509 1271 532 n.
1297 499 1390 532 2078
1416 502 1452 533 et
1469 500 1580 534 2098!
1631 500 1773 536 CAMPo
1798 501 1846 545 pl.

146 550 252 584 Gran.
277 559 352 584 exs.
377 559 410 583 n.
437 550 475 583 5!
510 548 554 592 (I.
587 548 735 582 odorata
765 546 850 580 BSS.
878 544 966 589 Voy.
992 556 1026 588 p.
1054 545 1118 588 55,
1146 556 1215 578 non
1239 544 1300 588 L.,
1336 545 1364 579 I.
1391 544 1537 581 odorata
1562 546 1633 581 DC.
1660 547 1784 582 Prodr.
1811 553 1847 583 et

146 597 280 632 hortor.
314 595 508 631 botanicor.
548 605 591 628 ex
628 606 685 638 p.,
720 592 749 626 Ι.
775 591 962 627 Bouteloui
987 591 1077 625 WK.
1102 591 1138 625 in
1163 592 1241 627 Bot.
1268 591 1358 628 Zeit.
1386 593 1494 632 1847,
1527 605 1560 637 p.
1588 593 1682 637 235).
1732 594 1849 640 Hirta,

146 643 220 678 uni-
245 647 306 678 aut
328 640 565 682 multicaulis,
603 639 762 675 caulibus
787 638 915 674 erectis
941 637 1093 679 strictis,
1136 637 1259 683 ¹s2—-1¹
1286 638 1326 680 l.,
1367 649 1519 683 superne
1544 640 1660 676 rarius
1684 651 1705 675 a
1730 641 1846 676 medio

146 689 266 735 patule
290 689 460 733 ramosis3
495 686 589 722 foliis
614 686 775 722 omnibus
799 690 862 720 aut
888 684 1016 720 saltem
1040 684 1267 721 inferioribus
1292 685 1499 730 linearibus,
1523 687 1847 730 pectinato-inciso·

146 736 310 779 dentatis,
338 734 577 780 superioribus
603 742 709 778 saepe
734 731 988 776 integerrimis3
1019 732 1195 777 corymbis
1214 732 1367 778 cymosis
1392 732 1494 768 valde
1519 732 1754 778 radiantibus,
1779 740 1850 770 ter-

148 783 268 818 minali
295 780 457 826 1-—11s2‘¹
483 779 599 822 diam.,
624 778 836 815 lateralibus
861 778 1067 823 minoribus,
1092 777 1240 815 floribus
1257 779 1347 814 albis
1363 778 1539 824 odoratis;
1565 779 1715 816 siliculis
1739 780 1848 818 dense

146 828 362 875 corymbosis
389 825 631 868 subrotundiS,
657 826 712 860 2¹¹⁴
738 825 832 870 long.
858 825 1031 870 latisque,
1057 825 1200 862 hirtulis
1216 855 1224 871 ,
1249 825 1387 861 inferne
1412 826 1574 870 exalatis,
1598 826 1687 863 lobis
1711 827 1849 863 alarum

146 876 285 920 magnis
307 873 493 910 herbaceis
518 872 796 917 triangularibus
822 873 946 916 acutis,
973 872 1052 908 sinu
1076 874 1181 908 acuto
1207 873 1395 919 separatis,
1421 873 1515 919 stylo
1539 873 1769 910 brevioribus.

236 934 277 968 In
311 933 404 968 arvis
438 931 657 976 collibusque
692 931 858 977 incultis,
895 931 969 967 solo
1000 931 1192 977 praecipue
1226 931 1401 967 calcareo.
1425 941 1601 977 gypsaceo
1625 943 1656 967 v.
1682 931 1850 977 argilloso

191 980 345 1024 regionis
369 978 526 1014 inferior.
553 978 750 1024 Hispaniae
787 978 936 1014 central.
974 984 1009 1014 et
1042 978 1212 1015 australis
1244 979 1395 1024 passim:
1433 979 1470 1013 in
1495 978 1589 1014 Cast.
1623 990 1714 1015 nova
1749 980 1850 1025 (agro

190 1027 348 1072 Madrit.,
373 1037 402 1062 c.
420 1025 611 1070 Aranjuez,
637 1025 778 1062 BOUT.!
805 1025 952 1060 REUTA
979 1025 1115 1068 COLM.,
1141 1024 1249 1061 CUT.!
1276 1025 1478 1070 BOURG.!),
1504 1036 1611 1070 regno
1635 1026 1752 1061 Jienn.
1778 1026 1850 1071 (La

191 1074 365 1109 Carolina.
391 1072 453 1109 int.
478 1072 603 1107 Bailen
629 1077 664 1108 et
687 1072 796 1118 Jaen,
822 1072 929 1108 Cerro
955 1072 1181 1117 Zumbalej0,
1214 1071 1368 1117 LGE.!),
1402 1072 1549 1108 Granat.
1575 1072 1625 1116 (in
1650 1084 1735 1118 agro
1760 1072 1850 1108 Gra·

193 1126 287 1166 nat,
326 1121 481 1164 RAMB.,
499 1147 501 1149 .
519 1120 583 1155 int.
610 1119 718 1155 Cacin
743 1124 779 1154 et
803 1118 838 1154 la
862 1119 982 1164 Mala,
1021 1119 1111 1156 FK.!
1136 1131 1188 1165 pr.
1216 1119 1372 1164 Estepa,
1399 1119 1488 1164 Hs.,
1514 1120 1635 1155 Sierra
1659 1120 1702 1155 de
1727 1120 1850 1165 Mijas,

192 1168 335 1204 PROL.!
360 1165 479 1202 Sierra
502 1165 659 1211 Nevada,
685 1166 731 1202 ad
757 1166 911 1210 Caseria,
937 1166 1129 1211 ΟΛΜΡΟΞ),
1154 1166 1257 1202 Baet.
1283 1168 1349 1212 (pr.
1375 1166 1549 1212 Cordoba,
1575 1166 1710 1203 GUIR.!
1736 1167 1851 1204 Areos

195 1215 238 1250 de
264 1214 300 1250 la
323 1214 491 1259 frontera,
517 1212 702 1259 Chiclana,
726 1213 909 1258 BOURG.).
936 1232 980 1238 -
1009 1216 1062 1256 O.
1090 1213 1313 1259 Majo—Jul.
1337 1214 1385 1259 (v.
1411 1213 1466 1258 s.).

240 1271 332 1308 Hab.
358 1281 496 1317 quoque
521 1271 557 1306 in
581 1270 779 1307 Lusitania.

246 1337 378 1372 ‘346172
427 1338 460 1371 1.
484 1338 695 1378 Bourgaei
719 1336 805 1371 Bss.
831 1335 901 1370 ΒΤ.
938 1345 995 1380 ap.
1033 1334 1119 1371 BSS.
1145 1334 1248 1380 Diag.
1272 1334 1320 1380 pl.
1347 1334 1470 1370 orient.
1495 1344 1563 1371 ser.
1589 1334 1636 1380 II,
1662 1336 1700 1381 1,
1725 1347 1761 1380 p.
1787 1337 1850 1372 39!

147 1383 188 1427 (I.
215 1383 395 1428 pectinata
421 1382 532 1418 Coss.
569 1393 628 1429 ap.
664 1383 820 1418 BOURG.
857 1381 907 1428 pl.
941 1382 1043 1427 Hisp.
1080 1393 1154 1418 exs.
1190 1393 1223 1418 n.
1264 1383 1353 1417 1029
1386 1386 1479 1418 teste
1517 1381 1675 1426 BOISS.).
1722 1381 1853 1418 Differt

144 1441 165 1464 a
194 1430 356 1475 praeced.
384 1440 403 1465 e
429 1429 542 1466 deser.
568 1429 688 1465 radice
713 1429 851 1472 bienni,
888 1429 982 1465 foliis
1008 1429 1245 1473 subintegris‚
1284 1429 1488 1465 indumento
1513 1429 1622 1464 totius
1646 1428 1792 1474 plantae
1817 1435 1853 1465 et

145 1478 338 1523 praecipue
365 1476 581 1512 silicularum
607 1476 783 1522 papilloso
809 1475 990 1521 (vesiculis
1014 1476 1201 1522 papillosis
1226 1476 1317 1511 albis
1342 1475 1560 1520 constante),
1596 1475 1688 1511 lobis
1712 1476 1850 1512 alarum

143 1524 257 1560 minus
281 1524 434 1560 acutatis
460 1523 608 1568 sinuque
633 1524 764 1567 angulo
789 1523 916 1559 obtuso
941 1533 1055 1567 neque
1079 1528 1183 1558 acuto
1209 1523 1395 1568 separatis.
1415 1542 1459 1547 -—
1480 1522 1744 1567 »Cinerascens,
1770 1534 1852 1559 cau-

144 1570 234 1606 libus
259 1570 403 1615 pumilis
429 1581 581 1615 superne
606 1571 812 1616 corymbose
837 1576 873 1605 et
897 1569 1054 1605 breviter
1077 1570 1240 1615 ramosis,
1266 1570 1359 1606 foliis
1383 1574 1532 1614 anguste
1556 1569 1750 1606 linearibus
1768 1581 1850 1606 acu-

149 1617 321 1661 tiusculis,
347 1618 505 1661 margine
528 1617 670 1661 longius
694 1617 836 1660 ciliatis,
861 1617 1021 1662 integris,
1047 1617 1163 1652 rarius
1190 1627 1343 1662 superne
1368 1616 1546 1652 denticulo
1571 1617 1694 1662 auctis,
1719 1618 1851 1654 umbel-

147 1664 191 1699 lis
217 1664 346 1709 densis,
374 1664 505 1709 sepalis
532 1664 781 1707 glabriusculis
806 1664 1000 1700 virentibus
1026 1663 1345 1708 albo-marginatis,
1370 1663 1501 1708 petalis
1525 1662 1626 1705 albis,
1651 1664 1853 1708 marginali-

145 1711 211 1746 bus
235 1710 336 1746 valde
362 1711 583 1746 radiantibus
609 1711 981 1757 oblongo-linearibus,
1007 1710 1171 1746 umbellis
1196 1710 1389 1746 fructiferis
1416 1709 1546 1756 densis,
1571 1709 1722 1746 siliculis
1747 1712 1853 1756 (juni-

144 1757 278 1801 oribus)
304 1757 565 1802 subquadratis‚
590 1758 668 1793 basi
695 1758 955 1803 subtruncatis,
981 1757 1117 1792 alarum
1142 1757 1232 1793 lobis
1258 1758 1413 1793 breviter
1437 1757 1727 1803 triangularibus,
1754 1759 1851 1795 sinus

148 1803 276 1848 angulo
301 1804 435 1849 obtuso,
462 1804 554 1849 stylo
579 1804 680 1840 lobos
703 1809 912 1849 aequante«
964 1804 1049 1839 Bss.
1075 1804 1098 1840 l.
1125 1815 1154 1839 e.

241 1861 281 1895 In
306 1860 395 1896 locis
420 1860 530 1896 aridis
556 1866 592 1896 et
616 1861 849 1905 salsuginosis
863 1852 973 1905 ‘regni
998 1861 1141 1897 Valent.
1168 1862 1234 1906 (pr.
1260 1860 1376 1896 Elche
1393 1889 1401 1905 ,
1439 1861 1527 1905 FK.)
1552 1866 1588 1897 et
1612 1861 1760 1899 Granat.
1786 1863 1853 1909 (pr.

192 1907 289 1942 Baza
313 1908 348 1942 in
373 1908 480 1953 agris,
505 1907 686 1953 BOURG.).
715 1928 756 1933 -—
783 1909 830 1950 J.
856 1908 968 1953 Majo,
993 1907 1077 1943 Jun.
1104 1909 1150 1953 (n.
1176 1907 1258 1952 v.‘?).

238 1964 340 2001 Obs.
388 1965 459 2001 Vix
494 1965 697 2007 crederem,
736 1966 886 2011 stirpem
916 1976 938 2001 a
974 1966 1017 2001 cl.
1043 1966 1238 2001 BOISSIER
1272 1964 1487 2010 descriptam
1521 1965 1566 2001 ab
1604 1966 1632 2001 I.
1668 1967 1851 2012 pectinata

192 2011 356 2057 specifice
381 2011 513 2049 differe.
548 2012 781 2048 Characteres
807 2013 899 2047 enim
923 2012 1071 2049 indicati
1095 2011 1305 2058 (indumenti
1330 2012 1438 2056 ratio,
1463 2012 1626 2048 foliorum
1652 2013 1851 2060 integritas,

194 2059 356 2094 loborum
381 2059 515 2094 alarum
541 2058 673 2104 figura,
716 2060 813 2095 sinus
840 2059 1037 2105 amplitudo
1063 2059 1215 2105 stylique
1240 2058 1437 2104 longitudo)
1462 2059 1498 2093 in
1522 2058 1723 2096 Iberidibus
1747 2060 1850 2096 valde

192 2105 383 2141 variabiles
418 2106 566 2150 ideoque
603 2105 707 2151 pauci
741 2110 823 2142 sunt
858 2106 1036 2142 momenti.
1086 2107 1229 2151 Species
1255 2112 1310 2141 est
1334 2105 1483 2141 fundata
1506 2105 1542 2140 in
1566 2106 1691 2152 planta
1715 2106 1852 2142 Grana-

191 2153 285 2188 tensi
310 2163 332 2188 a
354 2152 518 2189 defuncto
544 2153 775 2188 BOURGEAU
807 2153 870 2189 sub
905 2164 1000 2188 num.
1037 2154 1125 2188 1029
1152 2153 1355 2189 distributa.
1403 2152 1485 2187 Jam
1510 2158 1571 2188 aut
1595 2158 1746 2198 utraque
1772 2165 1850 2200 spe-

192 2199 265 2234 cies
290 2198 333 2238 (Ι.
357 2200 537 2244 pectinata
563 2205 598 2235 et
622 2199 817 2245 Bourgaei)
842 2211 953 2246 prope
978 2200 1074 2235 Baza
1099 2200 1226 2236 crescit
1251 2204 1287 2235 et
1311 2201 1511 2245 promiscue
1536 2199 1747 2246 distributa,
1789 2206 1853 2237 aut

195 2246 220 2280 Ι.
245 2246 421 2290 Bourgaei
456 2247 505 2281 nil
544 2251 599 2282 est
634 2247 702 2282 nisi
737 2246 849 2282 forma
873 2247 901 2282 I.
928 2247 1129 2292 pectinatae
1154 2246 1256 2282 valde
1280 2247 1476 2282 variabilis.
1526 2246 1733 2293 Specimina
1757 2248 1851 2283 enim

137 2316 138 2320 ,
191 2293 446 2338 Bourgaeana,
486 2294 522 2328 in
547 2293 623 2329 loco
650 2293 805 2329 indicato
830 2294 924 2329 lecta
949 2299 984 2329 et
1009 2294 1073 2328 sub
1098 2305 1191 2329 num.
1221 2295 1310 2328 1029
1345 2293 1551 2338 distributa,
1589 2304 1680 2339 quae
1705 2305 1769 2339 ego
1793 2305 1851 2330 ac-

142 2385 144 2387 >
192 2340 281 2385 cepi,
305 2339 521 2385 indumento,
547 2340 640 2376 foliis
664 2340 1012 2385 pectinato-dentatis
1036 2340 1252 2385 floribusque
1277 2351 1356 2376 cum
1383 2340 1411 2375 Ι.
1434 2341 1616 2386 pectinata
1641 2342 1761 2388 typica
1777 2353 1849 2377 om-

192 2386 274 2421 nino
299 2392 505 2431 congruunt.
547 2386 616 2422 Sed
641 2387 697 2423 his
721 2387 972 2433 speciminibus
997 2389 1113 2423 fructu
1138 2388 1339 2423 carentibus
1365 2386 1566 2423 discernere
1590 2398 1738 2434 nequeo,
1763 2400 1846 2425 num

191 2433 220 2469 I.
242 2433 419 2477 Bourgaei
443 2433 611 2469 distincta
636 2433 683 2470 sit
708 2434 844 2479 species
870 2445 915 2470 an
939 2435 1056 2480 potius
1082 2444 1181 2470 mera
1206 2434 1234 2469 I.
1253 2435 1454 2480 pectinatae
1478 2435 1642 2471 varietas.
1662 2445 1665 2449 ·

237 2508 342 2543 4618.
389 2511 421 2543 1.
455 2519 599 2544 amara.
637 2509 679 2544 L.
719 2509 802 2544 Cod.
839 2520 872 2544 n.
908 2511 1021 2546 4721!
1071 2509 1142 2545 DC.
1180 2509 1274 2555 Syst.
1307 2509 1364 2553 11,
1400 2522 1434 2554 p.
1461 2510 1548 2545 398!
1599 2509 1695 2545 CAV.
1728 2509 1847 2544 Prael.

147 2565 179 2589 n.
205 2555 292 2590 938!
340 2553 412 2589 GR.
438 2554 568 2591 GODR.
605 2555 626 2590 l.
653 2568 681 2592 c.
717 2568 751 2602 p.
781 2558 863 2591 140!
913 2557 1006 2591 AMo
1039 2555 1062 2591 1.
1089 2567 1117 2591 c.
1156 2568 1190 2600 p.
1216 2557 1303 2591 611!
1352 2556 1479 2592 Rene.
1503 2556 1553 2591 Ic.
1578 2555 1604 2591 1.
1629 2567 1658 2592 c.
1685 2556 1708 2591 f.
1733 2557 1845 2593 4197!

150 2600 235 2636 WK.
260 2601 309 2647 pl.
333 2601 434 2646 Hisp.
460 2613 533 2638 exs.
562 2603 679 2644 1850,
713 2614 746 2638 n.
771 2603 866 2647 277).
915 2602 1050 2638 Glabra
1087 2615 1117 2638 v.
1152 2602 1348 2648 puberula,
1386 2604 1480 2639 laete
1518 2603 1651 2647 virens,
1687 2603 1761 2637 uni·
1785 2608 1850 2639 aut

144 2648 381 2692 multicaulis,
415 2649 533 2685 radice
566 2650 680 2695 tenui;
716 2650 875 2685 caulibus
914 2650 1028 2684 3—8“
1054 2649 1077 2684 1.
1120 2650 1267 2694 erectis,
1304 2650 1406 2695 apice
1430 2662 1460 2684 v.
1486 2661 1508 2685 a
1531 2649 1646 2684 medio
1669 2649 1790 2694 patule
1815 2655 1851 2685 et

144 2695 511 2742 fastigiato-ramosis;
550 2696 644 2732 foliis
669 2696 890 2742 spathulato-
916 2708 945 2732 v.
970 2696 1390 2742 lanceolam-linearibus,
1415 2696 1494 2732 basi
1517 2696 1620 2740 longe
1645 2697 1849 2741 attenuatis,

147 2752 297 2786 superne
322 2742 486 2787 utrinque
512 2743 788 2788 2—4-dentatis,
816 2743 960 2779 summis
984 2743 1241 2787 integerrimis3
1266 2743 1413 2779 fioribus
1434 2744 1512 2788 jam
1537 2743 1601 2778 sub
1627 2743 1769 2778 anthesi
1794 2753 1847 2778 ra-

147 2790 531 2835 cemoso-corymbosis,
559 2790 662 2834 albis,
687 2790 792 2835 longe
816 2789 1051 2835 pedicellatis,
1077 2790 1313 2827 exterioribus
1337 2790 1438 2826 valde
1463 2789 1703 2834 radiantibus;
1732 2789 1848 2825 silicu-

146 2832 190 2867 lis
206 2837 402 2885 'racemosis
418 2865 426 2877 ,
464 2837 599 2883 ovatis,
636 2838 691 2871 2¹¹¹
719 2838 767 2883 l.,
804 2837 918 2873 valvis
941 2847 962 2872 a
985 2837 1063 2872 basi
1089 2842 1237 2880 anguste
1261 2837 1387 2880 alatis,
1412 2836 1550 2872 alarum
1576 2835 1666 2871 lobis
1691 2836 1847 2880 triangu-

147 2878 464 2958 lam-acuminatis,
503 2884 580 2920 sinu
615 2888 718 2920 acuto
753 2884 953 2930 separatis,
992 2883 1084 2929 stylo
1118 2884 1350 2921 brevioribus.
1378 2904 1417 2908 —
1445 2882 1573 2919 Variat
1607 2881 1753 2920 floribus
1778 2884 1850 2919 vio-

162 2935 268 2961 acexs.

227 2982 290 3035 ‚In
315 2984 427 3026 cultis.
452 2988 628 3033 arenosis,
655 2989 813 3032 saxosis,
838 2988 933 3023 inter
958 2992 1095 3032 segetes
1120 2988 1275 3033 regionis
1301 2987 1456 3024 inferior.
1481 2990 1517 3022 et
1540 2991 1694 3022 montan.
1719 2987 1848 3033 Hispa·

201 3039 280 3065 mae
298 3030 456 3068 oriental.
475 3040 510 3070 et
528 3035 718 3072 centralis:
743 3035 780 3070 in
798 3035 910 3071 catal.
929 3034 1068 3080 (frequ,
1093 3034 1223 3082 CSTA„
1240 3035 1278 3071 in
1294 3034 1423 3071 ditione
1439 3032 1658 3080 Ampurdan,
1683 3033 1850 3079 TEXID.),
