1976 3314
923 84 1018 129 813
1040 66 1045 73 ’

118 207 307 251 6Γῗῖι116116,
333 205 472 249 erectis,
490 203 786 239 adscendentibus
811 216 840 239 v.
859 204 1182 250 procumbentibus,
1207 203 1478 247 ramosissimis3
1504 203 1599 239 foliis
1616 204 1826 250 carnosulis,

116 254 329 290 basilaribus
354 252 454 295 longe
478 250 657 296 petiolatis
673 250 1017 287 subcordato-ovatis
1035 250 1290 293 obtusissimis,
1317 260 1424 294 supra
1441 251 1601 286 concavis
1619 251 1826 295 (cochleari-

117 300 314 342 formibus),
331 298 568 342 integerrimis
586 304 647 333 aut
664 298 842 343 repandis,
867 298 1016 333 caulinis
1034 298 1189 338 remotis,
1209 297 1435 332 inferioribus
1453 297 1635 342 petiolatis
1653 298 1825 341 oblongis,

119 347 359 393 superioribus
377 345 572 388 sessilibus,
590 344 1130 390 auriculato-amplexicaulibus.
1148 344 1509 389 angulato-dentatis3
1534 344 1680 380 floribus
1697 344 1828 379 medio-

116 396 252 439 cribus,
276 392 405 438 petalis
430 392 587 427 obovatis
612 393 755 436 patulis,
780 391 970 427 filamentis
996 392 1068 427 late
1092 391 1307 431 linearibus;
1335 391 1483 426 siliculis
1508 391 1682 436 pedicello
1706 401 1827 427 crasso

117 441 284 485 angulato
315 440 561 484 patentissimo
596 439 815 475 brevioribus
850 451 879 474 v.
905 449 984 473 eum
1009 438 1262 482 aequantibus,
1296 437 1400 481 longe
1432 439 1640 479 racemosis‚
1673 438 1828 482 globosis

118 500 186 524 non
207 486 432 527 vesiculosis,
462 486 562 530 1¹s2¹‘¹
582 486 706 527 dia1n.‚
744 486 853 521 valvis
876 486 979 529 longe
1004 485 1287 530 persistentibus.
1324 505 1364 509 —
1401 484 1527 520 Caules
1552 485 1700 521 floriferi
1725 487 1817 520 4—ss

120 533 292 570 :=”=·uctifeii
320 534 478 567 10-16”
499 533 602 576 longi.
652 532 802 568 Variat:

258 603 292 625 α,
324 591 559 626 maritima
594 590 666 625 GR.
693 590 823 626 GODR.
856 591 880 624 l.
906 601 947 634 c.,
973 590 1081 624 limbo
1107 589 1270 624 foliorum
1296 589 1504 623 basilarium
1530 595 1642 633 ovato,
1681 589 1829 626 siliculis

327 638 495 673 confertis
522 637 663 681 (ROHB.
690 637 739 674 Ic.
765 638 786 672 l.
813 649 842 672 6.
868 637 891 671 f.
917 638 1065 680 42601);

259 683 297 726 β.
330 684 596 730 Pyrenaica
621 684 691 719 GR.
718 684 847 719 GODR.
873 684 896 718 1.
922 695 961 728 6.,
997 684 1104 718 limbo
1139 682 1254 718 folior.
1280 681 1423 717 basilar.
1449 681 1642 725 reniformi,
1680 682 1829 718 siliculis

328 733 409 766 laxe
435 732 624 767 racemosis
650 731 704 775 (C.
730 731 930 776 Pyrenaica
956 730 1029 765 DC.
1057 731 1079 764 l.
1106 741 1136 764 c.
1161 742 1195 774 p.
1223 730 1308 763 3651
1357 728 1393 763 C.
1418 728 1603 764 officinalis
1629 729 1753 773 LAP.).

209 791 251 824 In
275 790 449 835 Hispania
484 789 637 824 boreali:
657 786 658 789 ’
679 802 713 822 0.
739 790 774 823 in
799 789 968 832 arenosis,
1004 788 1152 831 saxosis,
1179 787 1314 822 limosis
1352 797 1460 821 zonae
1494 787 1658 822 littoralis
1694 787 1830 832 passim

167 838 211 878 (c.
236 837 406 879 Donifios,
432 836 465 871 S.
491 836 604 881 Jenjo,
630 837 843 871 Porto-novo
869 841 903 870 et
928 836 1016 870 alibi
1040 836 1075 869 in
1100 845 1163 870 ora
1188 833 1380 873 Gallecica,
1406 834 1550 877 PLAN.;
1585 834 1620 868 in
1646 833 1830 869 inundatis

164 885 268 920 vallis
293 884 336 919 de
361 883 498 928 Loyola
522 895 576 928 pr.
602 883 635 918 S.
662 883 859 927 Sebastian,
899 882 1025 927 WK.);
1054 902 1095 906 —
1124 882 1163 921 β.
1192 882 1228 915 111
1254 881 1448 925 Pyrenaeis
1473 880 1656 915 Navarrae
1681 885 1716 916 et
1740 881 1832 915 Ara-

165 943 244 975 gon.
270 931 315 965 ad
339 931 469 965 rivulos
495 930 649 974 regionis
675 930 850 974 subalpin.
878 930 1010 973 (AMO).
1038 948 1080 952 —
1107 929 1155 969 ρξ’.
1182 935 1218 967 21.
1247 940 1282 960 α.
1301 927 1421 969 Μ61·1.,
1448 929 1545 972 Apr.,
1571 930 1607 970 β.
1633 927 1728 969 Jun.,
1754 927 1817 962 ι1111

167 980 211 1024 (v.
227 990 257 1014 v.
275 988 348 1013 var.
368 978 430 1022 a.).
459 977 598 1012 »Yerba
615 977 658 1011 de
676 977 870 1012 cucharas«
897 976 1041 1020 Gallec.,
1071 974 1296 1009 »Coclearia«
1324 974 1359 1007 in
1384 973 1567 1009 Catalaun.
1587 975 1660 1018 (ubi
1677 974 1821 1014 colitur)

213 1025 304 1059 Hab.
333 1037 368 1059 a.
394 1024 439 1059 ad
464 1025 584 1060 littora
609 1024 776 1069 Europae
802 1023 910 1059 occid.
935 1029 971 1058 et
995 1022 1127 1058 boreal.
1154 1027 1262 1065 atque
1287 1021 1323 1054 in
1349 1020 1494 1066 Europa
1518 1020 1645 1055 media.

220 1108 323 1141 4809.
375 1109 418 1142 C.
452 1109 615 1140 Danica
650 1105 691 1140 L.
725 1106 806 1140 Cod.
842 1117 874 1139 11,
900 1104 1010 1139 47081
1061 1102 1132 1137 DC.
1175 1102 1198 1136 1.
1226 1113 1254 1136 6.
1290 1113 1323 1145 p.
1351 1101 1436 1135 3661
1479 1100 1551 1135 GR.
1578 1100 1708 1136 GODR.
1747 1100 1769 1135 l.
1796 1112 1826 1135 c.

119 1153 213 1188 AMO
256 1154 277 1187 l.
304 1165 333 1188 c.
368 1165 402 1198 p.
430 1154 515 1188 587!
567 1153 692 1188 RCHB.
719 1153 766 1188 Ic.
804 1152 825 1187 l.
852 1163 880 1187 6.
915 1151 937 1185 f.
963 1152 1071 1185 42571
1121 1148 1253 1183 Differt
1278 1158 1299 1182 a
1323 1147 1501 1192 praeced,
1542 1159 1691 1192 quacum
1725 1147 1831 1182 facile

121 1201 330 1236 commutari
355 1205 485 1245 potest,
511 1200 604 1235 foliis
630 1199 779 1234 caulinis
804 1199 964 1233 omnibus
989 1196 1182 1242 petiolatis,
1208 1195 1316 1229 limbo
1340 1194 1691 1239 cordato-deltoideo,
1725 1205 1832 1238 angu-

121 1247 204 1289 lato,
229 1246 376 1282 floribus
401 1247 608 1291 minoribus,
634 1246 824 1281 filamentis
851 1249 1004 1289 anguste
1029 1243 1237 1284 linearibus,
1263 1241 1371 1277 valvis
1397 1241 1558 1277 siliculae
1579 1242 1836 1277 caducissimis.

120 1315 163 1319 —
189 1294 319 1329 Planta
344 1294 487 1338 glabra,
512 1294 570 1328 axi
597 1293 748 1328 centrali
774 1302 882 1337 saepe
908 1292 1007 1326 brevi
1032 1290 1125 1325 nudo
1150 1290 1186 1324 in
1212 1299 1391 1324 racemum
1416 1289 1587 1334 abeunte,
1613 1289 1691 1325 basi
1716 1299 1832 1324 ramos

122 1341 347 1376 cauliformes
373 1340 630 1375 adscendentes
655 1352 684 1375 v.
703 1340 976 1384 procumbentes
1002 1338 1186 1381 elongatos
1212 1336 1390 1371 flexuosos
1416 1335 1558 1371 foliatos
1584 1336 1720 1371 edente.
1755 1335 1835 1371 Sili-

120 1388 221 1423 culae
246 1398 314 1422 non
338 1387 572 1428 vesiculosae,
601 1387 855 1432 ellipsoideae,
881 1386 925 1420 iis
952 1386 988 1420 C.
1015 1384 1204 1420 officinalis
1233 1383 1339 1428 paulo
1364 1383 1529 1427 majores.

215 1434 272 1469 Ad
310 1434 434 1469 littora
459 1434 589 1469 Oceani
614 1434 747 1479 passim
781 1435 832 1479 (in
858 1433 1006 1478 rupibus
1043 1432 1159 1466 marit.
1196 1440 1386 1473 earumque
1424 1430 1601 1474 speluncis
1634 1440 1687 1474 pr.
1706 1428 1829 1473 Gijon,

168 1482 310 1572 Astur(
336 1481 458 1525 ΒΗΚ,
492 1493 544 1526 pr.
571 1481 704 1523 Cobas,
730 1480 891 1515 Donifios
926 1485 961 1514 et
994 1479 1030 1515 la
1055 1479 1216 1521 Corufia,
1242 1476 1395 1520 Gallec.,
1422 1476 1548 1520 LGE.).
1578 1497 1615 1502 --
1646 1477 1692 1517 (ἵ.
1719 1476 1831 1520 Maio,

169 1529 253 1563 Jun.
292 1539 325 1562 n.
350 1530 406 1572 V.).

215 1575 307 1609 Hab.
334 1575 379 1609 ad
404 1574 523 1609 littora
548 1573 651 1617 Gall„
677 1573 826 1614 Britan,
853 1572 963 1615 Belg..
990 1571 1125 1611 Batav.,
1152 1570 1282 1611 Germ„
1309 1568 1456 1603 Daniae.

215 1622 313 1657 Obs.
362 1621 398 1655 C.
424 1619 621 1664 Anglica
658 1620 699 1654 L.
726 1630 747 1654 a
781 1620 825 1653 61.
861 1619 1076 1654 COLMEIRO
1113 1618 1148 1651 in
1186 1616 1290 1651 catal.
1326 1616 1374 1660 pl.
1400 1615 1512 1651 Catal.
1548 1626 1602 1660 pr.
1627 1614 1755 1650 Caldas
1790 1614 1833 1650 de

172 1668 341 1712 Mombuy
358 1667 516 1703 indicata
540 1667 575 1701 in
602 1667 811 1702 Catalaunia
836 1666 1032 1701 certissime
1050 1675 1118 1699 non
1135 1663 1273 1698 crescit.
1322 1663 1363 1696 In
1389 1673 1450 1697 ora
1475 1662 1672 1707 Hispaniae
1698 1672 1836 1706 quoque

171 1715 307 1750 boreali
334 1715 517 1759 hucusque
542 1725 611 1749 non
639 1719 782 1758 reperta
807 1718 872 1748 est.
915 1712 1013 1755 Quae
1039 1711 1178 1756 species
1203 1710 1308 1745 facile
1332 1709 1556 1753 agnoscenda
1572 1714 1679 1752 atque
1696 1719 1717 1743 a
1734 1719 1837 1754 prae-

172 1762 379 1797 cedentibus
412 1761 547 1796 duabus
579 1760 848 1796 distinctissima
865 1759 1016 1795 siliculis
1030 1758 1168 1802 magnis
1193 1756 1397 1792 vesiculosis
1423 1756 1625 1801 (6—71111.)
1643 1755 1835 1791 seminibus

175 1809 305 1853 grossis
331 1815 366 1843 et
390 1808 498 1843 limbo
522 1808 686 1843 foliorum
711 1807 919 1842 basilarium
943 1808 978 1841 in
1003 1805 1174 1850 petiolum
1199 1804 1418 1839 decurrente.

218 1889 322 1923 4810.
373 1891 415 1923 C.
441 1890 674 1930 glastifolia
711 1888 752 1924 L.
780 1887 862 1923 Cod.
890 1898 922 1921 n.
946 1887 1057 1921 47131
1098 1885 1169 1920 DC.
1197 1885 1219 1920 1.
1245 1896 1275 1920 c.
1300 1897 1334 1930 p.
1363 1886 1449 1918 3621
1499 1883 1570 1918 GR.
1597 1883 1728 1919 GODR.
1755 1883 1777 1917 1.
1805 1893 1834 1917 c.

127 1949 163 1982 p.
193 1938 278 1971 127!
328 1935 420 1971 AMO
454 1936 480 1969 1.
505 1947 534 1971 6.
560 1948 594 1980 p.
622 1936 707 1970 5851
757 1934 883 1970 RCHB.
918 1934 965 1969 Ic.
992 1934 1015 1967 l.
1040 1944 1069 1967 6.
1095 1932 1117 1967 f.
1143 1934 1255 1967 42611
1307 1931 1396 1967 WK.
1430 1930 1477 1975 pl.
1503 1931 1606 1975 Hisp.
1631 1941 1703 1971 exs,
1732 1931 1835 1973 1844,

129 1994 163 2017 n.
192 1984 270 2026 248,
299 1982 425 2017 BOUG.
450 1982 498 2027 pl.
525 1992 598 2018 exs.
624 1993 658 2017 n.
688 1983 787 2025 1021,
817 1983 921 2016 1022!
956 1979 1094 2025 (Cochl.
1120 1979 1297 2015 altissima
1322 1978 1518 2021 glastifolia
1544 1977 1701 2012 TOURN.
1727 1977 1839 2021 Inst.).

126 2029 275 2072 Glabra,
303 2030 573 2074 glauco-virens.
599 2029 699 2064 caule
725 2029 820 2064 elato
846 2027 1034 2072 (2-5’1.),
1059 2028 1215 2067 robusto⁷
1241 2025 1483 2065 teretiusculo,
1508 2024 1678 2069 fistuloso,
1704 2024 1841 2067 folioso,

127 2078 264 2122 apicem
281 2087 403 2112 versus
420 2076 798 2121 paniculato-ramoso3
824 2075 919 2110 foliis
938 2074 1174 2109 subcoriaceis
1189 2072 1312 2107 nitidis
1330 2072 1467 2115 magnis
1483 2071 1732 2113 integerrimis,
1747 2070 1839 2105 basi-

130 2125 268 2160 laribus
293 2124 452 2166 oblongis
478 2124 513 2157 in
538 2123 708 2168 petiolum
734 2122 876 2166 longum
901 2121 1116 2162 attenuatis,
1141 2119 1292 2156 caulinis
1311 2119 1510 2161 sessilibus,
1537 2117 1842 2161 oblongo-lanceo-

130 2172 224 2214 16116.Ι
249 2169 806 2214 auriculam-amplexicaulibus3
832 2168 1007 2213 corymbis
1032 2167 1158 2202 florum
1182 2166 1403 2209 racemisque
1424 2164 1642 2199 silicularum
1659 2164 1842 2209 (brevibus

135 2218 320 2262 confertis)
345 2215 805 2262 corymboso-paniculatis,
839 2215 969 2260 petalis
1003 2214 1179 2258 obovatis3
1205 2213 1355 2248 siliculis
1380 2211 1556 2257 pedicello
1580 2212 1702 2256 patulo
1726 2212 1840 2246 brevi-

131 2265 251 2299 oribus
277 2264 442 2307 globosis,
467 2274 536 2298 non
559 2262 777 2308 vesiculosis,
807 2261 907 2306 1¹,s4⁴‘¹
933 2261 1049 2306 diam,
1074 2260 1183 2295 valvis
1207 2260 1311 2303 longe
1335 2259 1622 2304 persistentibus.

223 2322 264 2356 In
303 2321 480 2356 ruderatis
506 2322 711 2365 saxosisque
751 2320 924 2363 humidis,
965 2319 1009 2354 ad
1045 2319 1176 2354 rivulos
1210 2323 1247 2353 et
1282 2317 1397 2353 fontes
1432 2317 1588 2361 regionis
1621 2316 1778 2351 inferior.
1804 2318 1840 2349 et

177 2374 344 2410 montan.,
380 2369 416 2402 in
441 2379 549 2412 regno
581 2368 793 2403 Granatensi
816 2368 853 2401 in
878 2378 950 2410 reg.
976 2366 1133 2410 alpinam
1166 2364 1402 2400 adscendens:
1431 2365 1467 2398 in
1493 2364 1606 2399 Catal.
1633 2364 1681 2408 (in
1707 2362 1838 2396 ditione

179 2417 211 2451 el
238 2415 399 2450 Priorato
425 2415 470 2449 ad
495 2415 614 2451 ruinas
649 2420 798 2451 monast.
825 2413 928 2449 Scala
952 2413 1030 2460 Dei,
1057 2412 1226 2456 CSTA.!),
1260 2412 1414 2455 Aragon.
1438 2413 1484 2457 (c.
1511 2411 1638 2456 Epila,
1677 2407 1840 2443 Monreal

180 2462 238 2498 del
257 2462 397 2507 Campo,
424 2462 648 2503 Calamocba,
674 2462 790 2505 Asso,
815 2461 1016 2497 Almozara.
1036 2459 1162 2503 an),
1180 2464 1330 2503 utraque
1349 2458 1441 2493 Cast.
1461 2459 1528 2503 (pr.
1547 2456 1704 2499 Olmedo,
1721 2454 1839 2489 LGE.!

179 2509 394 2551 Valladolid,
422 2509 531 2553 TEX.,
557 2510 749 2553 Aranjuez,
783 2509 906 2553 Ribas,
940 2507 973 2542 S.
999 2506 1199 2550 Fernando,
1235 2505 1361 2549 QUER,
1400 2505 1535 2542 COLM.,
1573 2504 1691 2546 CUT.),
1728 2511 1838 2544 regno

179 2557 328 2592 Granat.
363 2555 500 2600 (Sierra
531 2556 699 2601 Nevada,
737 2556 772 2589 in
805 2555 897 2590 valle
930 2555 965 2589 fl.
991 2554 1175 2589 Monachil
1207 2558 1243 2588 et
1278 2552 1422 2586 Dehesa
1454 2551 1496 2586 de
1521 2551 1555 2586 S.
1580 2548 1768 2584 Gerenimo
1792 2547 1839 2582 ad

180 2605 243 2639 alt.
269 2602 524 2647 4800—6000‘,
560 2603 665 2647 Bss.,
699 2602 807 2645 WK.,
839 2602 1008 2637 BOURG.!
1051 2612 1104 2645 pr.
1130 2601 1244 2640 Bam,
1278 2599 1478 2641 Bonam).
1507 2618 1544 2622 —
1586 2605 1620 2635 31.
1646 2595 1741 2639 «11111,
1765 2594 1838 2629 Jul.

192 2663 222 2686 v.
248 2650 303 2694 v.).

179 2653 189 2697 (
226 2697 319 2732 Hah.
345 2698 380 2731 in
405 2695 498 2730 Gall.
525 2700 648 2739 austr.,
673 2694 779 2739 Cors,
804 2694 1006 2738 Lombard.,
1032 2694 1139 2728 Istria
1165 2692 1222 2736 (P).

141 2778 189 2821 ††
213 2778 482 2813 Filamenta
522 2780 654 2811 recta
695 2775 986 2820 diverg'entia.
1036 2772 1293 2808 Glandulae
1330 2770 1424 2806 tori
1465 2768 1704 2804 laterales
1742 2779 1837 2803 cum

142 2825 373 2860 medianis
410 2823 629 2866 utrinque
654 2822 699 2856 in
724 2823 933 2857 annulum
958 2821 1251 2855 filamentum
1278 2817 1459 2852 brevius
1485 2815 1838 2851 circumdantem

330 2872 458 2906 intus
484 2874 686 2915 apertum
710 2869 1003 2904 confluentes
1029 2868 1120 2911 (gen.
1146 2864 1414 2900 Armoracia
1439 2862 1494 2898 Fl.
1521 2862 1658 2908 Wett.).

231 2935 333 2969 4811.
384 2937 426 2970 C.
453 2934 700 2969 Armoraeia
724 2931 765 2966 L.
791 2931 874 2967 Cod.
900 2943 934 2966 n.
952 2932 1062 2965 47121
1089 2928 1161 2964 DC.
1187 2927 1209 2962 1.
1235 2938 1264 2962 c.
1283 2939 1316 2972 p.
1335 2927 1420 2961 360!
1448 2925 1546 2960 CAV.
1563 2925 1681 2960 Prael.
1699 2937 1731 2960 n.
1750 2926 1837 2960 9201
1884 2939 1887 2942 ·

140 2980 266 3015 Rene.
297 2988 342 3016 10.
373 2981 396 3016 1.
429 2992 457 3016 c.
489 2980 512 3015 f.
545 2980 652 3014 42621
702 2977 850 3024 (Roripa
883 2978 1065 3014 rusticana
1096 2975 1168 3010 GR.
1195 2974 1324 3009 GODR.
1356 2974 1380 3008 1.
1407 2983 1435 3008 c.
1467 2985 1501 3018 p.
1530 2973 1614 3008 127!
1647 2973 1742 3007 AMo
1766 2972 1790 3007 1.
1808 2982 1838 3006 c.
