1976 3314
88 1242 112 1268 0

101 1913 124 1932 t

940 112 1029 157 371

180 232 315 277 LGE.!)
340 237 375 267 et
399 241 508 275 regno
533 231 681 268 Granat.
706 232 750 278 (c,
775 231 954 278 Granada,
980 232 1078 274 BSS.,
1103 231 1238 277 Guejar
1251 233 1293 268 de
1311 233 1347 269 la
1358 234 1489 278 Sierra,
1515 233 1768 280 WINKLERU.
1792 256 1832 261 -

183 283 236 322 O.
262 279 369 325 Majo,
393 278 500 314 Junio
526 278 570 324 (v.
595 280 652 324 s.).

227 337 319 373 Hab.
343 337 380 373 in
403 336 553 383 Sardin.,
580 337 688 384 Sicil.,
713 337 805 383 Ital„
832 337 943 381 Cilic„
968 337 1098 383 Iberia,
1124 349 1219 383 prov.
1246 338 1426 384 Talysch.,
1452 338 1578 374 Africa
1601 339 1747 374 boreali.

134 442 183 485 ††
217 442 383 487 Capitula
415 442 452 477 in
485 442 605 478 axillis
639 441 781 478 sessilia
803 446 866 477 aut
888 441 1042 524 bre-viter
1065 441 1304 488 pedunculata
1328 447 1364 478 et
1387 446 1462 478 tum
1487 452 1624 478 summa
1649 452 1759 488 saepe
1783 453 1840 486 ge-

912 499 1007 524 mina
1026 499 1057 525 a.

228 570 330 603 3776.
379 571 422 605 ¹1¹.
447 571 675 610 gemellum
709 570 866 605 POURR.
904 580 960 614 ap.
986 569 1143 605 WILLD.
1178 569 1203 604 1.
1229 581 1257 606 c.
1293 582 1327 616 p.
1356 570 1462 605 1376!
1512 568 1584 605 DC.
1609 567 1734 604 Prodr.
1761 568 1784 603 l.
1810 580 1840 605 e.

134 627 167 660 p.
194 616 278 651 191!
329 616 485 651 BOURG.
511 617 561 662 pl.
587 627 659 652 exs.
686 628 719 652 n.
746 618 856 653 2128!
904 617 1018 652 Parce
1051 622 1087 652 et
1123 616 1295 662 adpresse
1320 617 1474 661 hirtum,
1511 616 1671 651 caulibus
1696 615 1841 650 adscen-

134 662 298 698 dentibus
323 664 505 709 erectisve,
532 664 735 709 gracilibus,
761 664 979 709 simplicibus
1004 664 1207 707 ramosisve,
1235 664 1439 709 1¹l2—-S‘¹l.,
1466 663 1673 698 internodiis
1699 662 1840 706 elonga-

134 709 196 754 tis3
225 709 319 744 foliis
343 710 446 754 longe
472 711 696 756 tenuiterque
721 711 912 756 petiolatis,
939 711 1084 747 summis
1110 711 1375 757 subsessilibus,
1401 710 1533 746 foliolis
1552 710 1843 745 obovato-cunea-

134 757 191 802 tis,
216 757 320 802 apice
344 757 476 793 retusis
502 763 562 794 aut
588 759 839 804 emarginatis,
874 757 1120 804 denticulatis3
1161 758 1302 803 stipulis
1327 757 1630 801 membranaceis,
1668 756 1841 801 angustis,

134 807 236 848 parte
255 804 367 839 libera
384 805 818 850 lanceolato-acuminata3
844 805 1009 850 capitulis
1028 805 1291 850 ovato-conicis,
1310 805 1469 850 spicatis,
1486 804 1693 840 brevissime
1710 803 1843 848 pedun-

134 851 274 897 culatis,
299 851 345 886 ad
370 852 509 897 apicem
532 862 711 887 ramorum
736 852 878 897 saepius
903 853 1063 896 geminis,
1089 851 1236 887 floribus
1265 852 1484 897 1¹s2—2¹¹¹l.,
1509 851 1640 896 calycis
1666 851 1768 885 fauce
1793 851 1844 884 iii-

133 903 192 933 tus
233 899 363 933 annulo
405 899 537 934 calloso
578 899 692 934 clausi
728 899 868 934 laciniis
904 899 1325 943 triangulari-subulatis,
1376 899 1671 942 subaequalibus,
1719 898 1844 932 tubum

133 945 371 990 aequantibus
396 951 432 981 et
457 945 625 980 corollam
650 950 970 991 purpurascentem
994 946 1257 991 superantibus,
1283 945 1424 981 demum
1450 944 1804 990 divaricato-patulis.

227 1003 269 1038 In
304 1004 396 1038 arvis
431 1003 575 1039 incultis
605 1003 764 1048 locisque
795 1004 955 1040 arenosis
990 1004 1144 1048 regionis
1169 1003 1325 1038 inferior.
1349 1004 1450 1047 regni
1474 1003 1620 1046 Legion.
1647 1003 1705 1047 (ad
1730 1003 1844 1036 Bena-

180 1055 302 1095 vente,
328 1050 462 1095 ΒΘΗ),
489 1050 667 1086 Castellae
692 1061 802 1086 novae
827 1051 877 1096 (in
902 1061 989 1095 agro
1014 1051 1179 1096 Madrit.,
1215 1051 1358 1094 COLM.,
1384 1050 1494 1095 CUT.,
1521 1051 1693 1084 BOURG.!
1731 1060 1786 1094 pr.
1812 1049 1845 1083 el

183 1096 368 1142 Escorial,
406 1097 520 1141 LGE.)
535 1127 542 1139 ,
578 1098 748 1133 montium
773 1098 970 1133 Marianor.
994 1098 1056 1143 (ad
1080 1098 1116 1133 la
1141 1098 1327 1138 Carolina,
1353 1097 1451 1132 LGE.
1463 1097 1486 1142 1)
1512 1102 1548 1132 et
1572 1097 1670 1141 regni
1696 1096 1844 1131 Granat.

183 1145 379 1190 (Barranco
403 1145 560 1190 bermejo
587 1157 641 1191 pr.
667 1144 847 1188 Granada,
871 1144 997 1189 LGE.).
1026 1165 1067 1170 ——
1097 1148 1150 1187 Θ.
1175 1145 1286 1190 Majo,
1312 1144 1419 1180 Junio
1445 1144 1489 1189 (v.
1511 1144 1568 1189 s.).

233 1227 337 1261 3777.
389 1228 433 1261 ¹1¹.
458 1228 668 1261 Boeeonei
693 1226 794 1260 SAVI
816 1226 894 1262 Att.
918 1226 1030 1261 Acad.
1056 1225 1132 1261 ital.
1157 1227 1192 1269 I,
1230 1238 1264 1270 p.
1290 1226 1352 1269 91,
1388 1225 1411 1260 f.
1440 1227 1478 1270 13
1515 1224 1587 1259 GR.
1613 1223 1744 1258 GODR.
1768 1222 1791 1257 1.
1817 1233 1845 1257 c.

137 1284 170 1316 p.
196 1273 281 1308 411!
331 1272 457 1307 RCHB.
485 1273 533 1308 Ic.
560 1273 582 1307 l.
609 1284 637 1309 c.
664 1278 687 1308 t.
714 1274 772 1318 98,
797 1273 832 1308 I!
861 1272 916 1318 (T.
943 1273 1133 1316 gemellum
1158 1272 1256 1307 LAP.
1283 1272 1375 1307 Hist.
1402 1272 1475 1307 abr.
1501 1271 1583 1316 Pyr.
1609 1283 1644 1316 p.
1663 1272 1748 1305 437!
1775 1281 1844 1304 non

138 1319 320 1365 POURR.).
372 1319 503 1355 Differt
528 1331 549 1355 a
572 1319 756 1364 praeced,
792 1321 848 1354 cui
883 1320 1010 1355 habitu
1043 1319 1147 1355 valde
1182 1319 1313 1363 simile,
1351 1318 1447 1354 foliis
1472 1319 1627 1353 breviter
1651 1316 1846 1362 petiolatis,

137 1367 270 1402 foliolis
305 1365 504 1402 infimorum
545 1367 892 1412 obovato-cuneatis,
930 1368 1149 1412 superiorum
1190 1366 1539 1410 oblongo-cuneatis,
1580 1365 1713 1410 calycis
1746 1364 1847 1398 fauce

137 1419 282 1458 aperta,
324 1413 462 1449 laciniis
496 1424 515 1448 e
546 1414 626 1449 basi
661 1414 813 1450 dilatata
848 1414 1170 1450 lineari-stibulatis
1210 1413 1478 1457 inaequalibus,
1519 1412 1688 1447 inferiore
1722 1412 1845 1446 tubum

140 1461 388 1505 aequantibus,
414 1461 543 1496 ceteris
569 1471 610 1496 eo
635 1461 866 1505 brevioribus,
892 1462 1027 1496 corolla
1051 1461 1209 1506 calycem
1233 1466 1420 1505 aequante,
1445 1459 1574 1494 vexillo
1599 1462 1773 1494 truncato.
1802 1478 1843 1481 —

139 1507 293 1552 Humile,
319 1507 490 1553 adpresse
514 1508 739 1553 puberulum,
766 1508 927 1544 caulibus
952 1507 1220 1551 4—8¹‘'longis.
1270 1507 1395 1542 Flores
1420 1506 1645 1551 receptaculo
1670 1509 1769 1540 arcte
1787 1504 1847 1538 ad—

139 1555 342 1590 haerentes.

234 1612 275 1646 In
299 1612 386 1647 locis
411 1612 586 1657 arenosis,
613 1612 856 1656 rupestribus,
882 1611 1062 1657 silvaticis,
1088 1611 1237 1647 collibus
1262 1611 1373 1646 aridis
1398 1610 1443 1645 ad
1468 1620 1631 1654 agrorum
1658 1609 1846 1653 margines,

186 1659 223 1692 in
247 1659 424 1703 Hispania
449 1660 632 1702 hucusque
657 1669 727 1693 non
753 1658 821 1693 nisi
846 1658 892 1692 ad
917 1668 1022 1704 rupes
1047 1659 1244 1694 maritimas
1274 1669 1328 1703 pr.
1354 1657 1408 1692 La
1433 1658 1572 1692 Coriifia
1602 1656 1751 1702 (LGE.!)
1787 1657 1846 1690 ob-

187 1711 376 1742 servatum.
404 1726 446 1730 -
473 1710 523 1747 Θ.
549 1706 644 1746 Jun.,
670 1705 742 1740 Jul.
771 1707 814 1750 (v.
842 1705 898 1749 s.).

233 1763 326 1817 Hah.
350 1764 386 1798 in
410 1764 536 1809 Lusit.,
562 1763 668 1809 Ga11.,
694 1763 788 1808 Ita1.,
814 1763 944 1808 Dalm,
970 1761 1088 1808 Turc.,
1113 1761 1310 1808 Archipel.,
1334 1761 1459 1797 Africa
1484 1760 1760 1805 boreali—occid,
1785 1761 1849 1796 Ca-

187 1821 308 1846 nai-us.

235 1893 338 1928 3778.
389 1893 433 1926 T.
459 1893 655 1926 scabrum
680 1889 722 1925 L.
749 1889 832 1925 Cod.
869 1901 902 1925 n.
931 1890 1042 1925 5667!
1092 1889 1165 1924 GR.
1191 1888 1321 1925 GODR.
1347 1890 1370 1924 l.
1397 1900 1425 1925 c.
1451 1902 1485 1935 p.
1511 1891 1598 1925 412!
1649 1888 1772 1923 ROHB.
1799 1887 1848 1922 Ic.

140 1939 162 1974 l.
189 1949 218 1974 e.
244 1944 268 1974 t.
300 1941 375 1984 101,
400 1939 453 1974 II!
503 1938 688 1983 Adpresse
713 1938 857 1982 hirtum,
884 1937 1060 1978 scabrum,
1086 1937 1245 1972 caulibus
1270 1937 1460 1982 prostratis
1486 1949 1516 1971 V.
1542 1935 1850 1978 adscendentibus,

140 1986 320 2030 flexuosis,
346 1986 508 2031 ramosis,
535 1985 651 2019 2—8“
669 1985 704 2027 l.,
729 1984 859 2029 firinis;
894 1984 988 2019 foliis
1014 1984 1145 2029 parvis,
1176 1984 1331 2019 breviter
1355 1984 1550 2028 petiolatis,
1576 1982 1706 2017 foliolis
1739 1982 1849 2016 coria—

141 2033 232 2078 ceis,
268 2033 432 2068 obovato-
456 2045 487 2067 v.
512 2032 861 2076 oblongo-cuneatis,
896 2030 1141 2074 denticulatis3
1176 2031 1318 2076 stipulis
1344 2031 1521 2075 angustis,
1558 2029 1850 2072 membranaceis,

141 2085 243 2124 parte
269 2081 385 2114 libera
408 2079 856 2123 triangulari-acuminata,
894 2078 1061 2123 capitulis
1086 2078 1300 2121 numerosis,
1338 2088 1440 2112 secus
1466 2077 1602 2111 caulem
1627 2086 1787 2110 ramosve
1814 2075 1851 2108 iii

141 2127 261 2161 axillis
287 2126 483 2170 sessilibus,
510 2125 726 2171 pauciflcris,
751 2124 901 2160 fioribus
927 2125 1054 2160 rhachi
1077 2125 1366 2169 adhaerentibus,
1394 2123 1495 2168 13s4‘¹¹
1523 2124 1556 2168 l.,
1582 2123 1714 2168 calycis
1740 2121 1850 2157 coria-

142 2174 205 2218 cei,
230 2174 265 2208 in
292 2179 387 2209 statu
412 2173 595 2208 fructifero
619 2172 722 2208 valde
747 2172 905 2207 indurati
929 2177 965 2208 et
991 2172 1274 2207 elevato-costati
1297 2171 1398 2206 fauce
1424 2171 1519 2206 intus
1543 2169 1644 2205 callis
1671 2172 1691 2203 2
1717 2169 1850 2212 clausa,

141 2220 279 2256 laciniis
313 2219 743 2255 lanceolam—acuminatis
775 2219 901 2263 rigidis
938 2219 1175 2264 mucronatis,
1214 2219 1353 2253 demum
1378 2217 1761 2261 arcuato-patentibus,
1800 2216 1851 2248 in-

145 2267 373 2311 aequalibus,
412 2267 579 2302 inferiore
604 2267 727 2302 tubum
754 2269 962 2312 superante,
996 2266 1124 2301 ceteris
1157 2276 1237 2301 eum
1268 2265 1519 2310 aequantibus,
1558 2264 1690 2299 corolla
1714 2262 1850 2308 pallida

146 2314 277 2359 calycis
302 2314 441 2349 laciniis
466 2314 637 2359 breviore,
663 2312 792 2349 vexillo
817 2313 953 2348 obtuso.

238 2372 280 2407 In
304 2372 391 2407 locis
410 2372 581 2418 arenosis,
605 2371 843 2417 rupestribus,
870 2371 986 2415 cultis,
1011 2370 1132 2412 muris,
1158 2370 1253 2405 arvis
1270 2369 1423 2413 incultis,
1449 2367 1600 2403 collibus
1618 2367 1720 2403 siccis
1738 2366 1851 2409 regio-

191 2420 247 2454 nis
271 2419 427 2454 inferior.
460 2425 496 2454 et
528 2424 683 2454 montan.
717 2429 780 2463 per
816 2429 956 2453 omnem
979 2418 1054 2452 fere
1079 2417 1310 2462 Hispaniam,
1348 2417 1385 2450 in
1409 2415 1599 2461 provinciis
1624 2413 1851 2456 centralibus,

190 2466 460 2501 mediterraneis
486 2472 521 2500 et
546 2465 767 2502 australibus
791 2465 976 2509 frequens,
1007 2465 1045 2498 in
1081 2465 1284 2499 borealibus
1310 2463 1393 2498 hinc
1417 2462 1497 2498 inde
1532 2463 1574 2506 (v.
1600 2473 1628 2495 c.
1655 2462 1690 2494 in
1715 2459 1849 2493 Gallec.

191 2514 229 2547 in
253 2514 362 2548 muris
388 2525 469 2558 opp.
496 2513 607 2558 Lugo,
632 2513 743 2557 LGE.‚
769 2512 805 2546 in
829 2512 931 2547 vallis
957 2512 1055 2547 urbis
1073 2512 1109 2546 la
1123 2511 1276 2555 Coruna,
1301 2511 1438 2556 PLAN.,
1464 2510 1499 2544 in
1516 2510 1639 2544 Astur.
1666 2518 1719 2551 pr.
1738 2506 1851 2539 Pei‘ia-

191 2559 268 2605 flor,
294 2560 423 2604 DUR.).
452 2580 492 2584 —
519 2562 576 2601 (D.
601 2560 712 2604 Majo,
737 2558 846 2594 Junio
871 2560 916 2605 (v.
942 2558 1002 2603 v.).

238 2619 330 2652 Hab.
356 2619 392 2652 in
417 2616 543 2662 Lusit.,
568 2617 674 2661 Gall,
701 2617 848 2662 Europa
872 2616 961 2652 med,
990 2620 1025 2651 et
1050 2615 1200 2651 australi
1225 2615 1270 2650 ab
1287 2615 1418 2658 Anglia
1447 2618 1482 2648 et
1500 2613 1664 2646 German.
1690 2609 1735 2644 ad
1754 2608 1851 2663 Hun-

193 2666 341 2711 gariam,
366 2676 462 2711 prov.
489 2664 700 2707 Caucasicis,
726 2665 840 2710 Syria,
867 2664 1036 2709 Palaest.,
1061 2663 1308 2708 Mesopotam,
1335 2661 1471 2706 Persia,
1496 2659 1620 2694 Africa
1644 2656 1788 2692 boreali.

193 2771 284 2808 Sect.
310 2772 360 2806 X.
410 2769 814 2815 Calycomorphum
847 2769 994 2805 PRESL.
1028 2768 1147 2813 Symb.
1178 2779 1212 2812 p.
1239 2768 1300 2800 50!
1350 2764 1475 2815 Florcs
1509 2759 1655 2815 capituli
1680 2764 1854 2803 compacti

356 2817 553 2852 exteriores
578 2816 684 2861 pauci
709 2815 900 2851 corolliferi
927 2821 962 2852 et
986 2815 1136 2860 fertiles,
1162 2813 1350 2848 interiores
1373 2810 1520 2855 plurimi
1544 2806 1681 2859 corolla
1691 2811 1852 2859 carentes

357 2865 521 2909 steriles,
559 2863 741 2908 calycibus
773 2867 855 2907 post
883 2863 1046 2898 antliesin
1081 2858 1368 2897 excrescentibus
1403 2861 1438 2890 et
1470 2854 1575 2909 fiores
1607 2853 1853 2899 periphericos

356 2911 559 2946 fructiferos
584 2910 780 2946 declinatos
805 2909 1062 2953 obtegentibus,
1112 2907 1223 2951 Calyx
1247 2904 1529 2955 multicostatus,
1554 2903 1655 2936 tauce
1679 2899 1793 2935 nudus
1819 2904 1854 2934 et

355 2963 512 3003 apertus,
537 2956 698 2992 fructifer
723 2955 943 3001 subinflatus,
970 2955 1134 2990 dentibus
1160 2951 1311 2987 setaceis
1328 2948 1713 3001 aequalibus-demum
1730 2951 1853 2999 paten-

355 3005 461 3050 tibus,
487 3003 809 3050 plumoso-ciliatis.
843 3003 1049 3038 Petalorum
1074 3009 1208 3042 ungues
1232 2998 1268 3032 in
1285 2998 1407 3032 tubum
1426 3001 1576 3031 connati.
1610 2994 1730 3038 Stylus
1750 2993 1851 3027 liber.

1505 3053 1575 3086 24*
