1976 3314
909 120 1001 167 143

148 246 294 291 Legion.
332 247 401 292 (pr.
436 245 569 289 Arvas,
607 244 760 287 LAG.!),
796 243 1003 278 Extremad.
1042 243 1176 287 (Sierra
1210 243 1253 277 de
1285 243 1321 277 la
1350 243 1500 277 Caneria
1531 254 1585 287 pr.
1610 241 1809 285 Plasencia,

148 294 355 337 BOURG.!),
391 303 499 336 regno
525 291 671 326 Granat.
699 291 832 335 (Sierra
857 290 1010 334 Tejeda,
1045 290 1173 329 WBB.,
1209 290 1329 324 Sierra
1353 289 1500 325 Nevada
1534 290 1577 324 ad
1613 290 1674 324 alt.
1706 291 1808 323 7500¹

149 353 240 381 raro,
264 341 376 383 BSS.),
405 340 546 374 Valent.
573 340 622 383 (in
648 338 792 372 montib.
819 348 847 372 c.
866 339 1072 381 Saguntum,
1097 338 1120 372 S
1150 337 1276 381 Felipe
1303 336 1345 371 de
1363 336 1495 381 Jativa,
1522 336 1700 379 Enguera,
1727 336 1811 370 Val-

148 388 264 432 digna,
289 388 508 432 Bocayrente
534 391 569 420 et
593 385 688 425 alibi,
714 385 837 428 CAV.),
861 384 972 418 Cata-l.
998 385 1065 428 (pr.
1091 384 1213 428 Nuria,
1239 384 1413 427 TEXID.);
1440 403 1484 407 -
1510 394 1581 418 var.
1607 384 1643 416 in
1669 384 1811 427 pascuis

150 434 302 469 humidis
328 434 373 468 ad
398 433 508 468 radic.
535 438 643 467 mont.
669 432 788 466 Sierra
813 431 856 465 (le
882 431 1019 465 Gredos
1054 431 1267 475 (BOURG.!).
1294 451 1338 455 —
1364 431 1414 471 ρξ’.
1440 430 1660 473 Majo—Jul.
1688 431 1731 473 (v.
1758 430 1811 473 s.).

195 492 287 546 Hab.
314 503 410 537 spec.
436 492 472 525 in
498 491 630 536 Lusit.,
664 490 774 531 Gall„
812 489 959 534 Europa
990 489 1079 531 med.
1112 489 1224 531 omni,
1261 488 1445 531 Norweg.,
1479 487 1668 532 Lithuan.,
1702 487 1813 521 Pede-

151 546 292 574 moutm.

200 603 384 637 Observ.
426 601 562 636 Vereor
587 601 670 644 quin
697 600 807 644 stirps
825 599 1018 634 Valentina
1044 609 1112 634 sec.
1139 599 1181 633 cl.
1200 599 1327 633 Cavan.
1358 599 1414 632 »in
1441 598 1536 633 saxis
1562 597 1691 631 aridis«
1720 607 1813 631 cres-

151 661 234 684 cens
268 660 337 683 non
368 647 412 682 ad
448 649 539 681 hanc
576 647 729 691 speciem
766 647 827 681 sed
860 646 1012 681 fortasse
1039 646 1083 680 ad
1110 647 1143 680 S.
1168 645 1417 690 dasyphyllum
1443 656 1515 680 var.
1542 644 1813 688 glanduliferum

153 695 343 731 referenda
373 696 429 730 sit.
479 694 684 729 Recentiori
717 699 876 738 tempore
910 694 944 729 S.
971 693 1132 728 villosum
1164 693 1200 727 111
1233 703 1339 736 regno
1371 692 1561 727 Valentino
1596 703 1663 725 non
1697 691 1816 726 obser-

153 749 270 779 vatum
298 748 362 777 est.

201 813 219 846 ¹?
244 813 346 846 3261.
391 813 429 845 S.
455 812 741 851 Hispanicum
767 809 808 844 L.
828 809 909 843 Cod.
937 820 968 844 n.
989 811 1099 844 3355!
1127 809 1245 844 KOCH
1270 809 1351 853 Syn.
1378 808 1400 842 1.
1425 810 1472 842 c.!
1501 807 1627 842 BOHB.
1653 807 1711 841 Fl.
1739 818 1813 841 exc.

107 870 140 894 n.
168 860 259 893 3534
285 865 320 893 et
345 858 391 893 lc.
416 858 464 902 pl.
492 857 604 891 critic.
631 862 655 890 t.
682 858 767 892 844!
801 856 918 895 JCQU.
945 856 1000 890 Fl.
1030 857 1149 891 Aust-r.
1176 856 1218 901 V,
1243 863 1267 891 t.
1293 857 1354 893 47.
1386 855 1496 889 DILL.
1525 854 1626 888 Hort.
1654 854 1813 888 Eltham.

104 911 128 942 t.
157 907 242 942 256.
278 908 300 939 f.
328 906 416 939 332!
467 904 728 948 Cae-spitosum,
768 903 868 937 caule
904 903 1155 947 procumbente
1188 915 1218 938 V.
1254 902 1509 945 adscendente,
1547 901 1642 936 foliis
1678 901 1813 946 sparsis

107 953 300 987 linearibus
325 950 629 996 tereti-depressis
655 950 787 994 pallide
812 950 1006 984 virentibus
1032 950 1183 994 glabris,
1209 950 1286 984 basi
1312 949 1454 992 aequali
1479 949 1684 989 sessilibus3
1713 958 1814 991 cyma

107 999 330 1044 scorpioidea
356 998 417 1033 sed
435 998 492 1032 vix
511 1003 707 1039 recurvata,
733 996 950 1041 pubescente
976 997 1099 1041 patula
1126 997 1342 1041 (subglabra,
1369 996 1532 1039 KOCHl),
1558 995 1695 1037 foliosa,
1721 994 1817 1029 flori-

105 1047 170 1081 bus
197 1046 382 1081 sessilibus
414 1045 558 1079 remotis
593 1044 818 1088 bexapetalis
852 1043 1107 1079 dodecandris.
1141 1043 1270 1087 petalis
1304 1043 1457 1078 stellatis
1491 1042 1817 1077 ovato-lanceolatis

106 1093 334 1135 acuminatis,
369 1092 460 1126 albis
493 1092 580 1126 vitta
614 1101 717 1125 rosea
748 1091 899 1133 notatis,
937 1090 1148 1125 staminibus
1174 1090 1411 1134 carpellisque
1437 1089 1659 1132 aequilongis
1686 1088 1820 1123 corolla

107 1140 338 1174 brevioribus.
366 1158 408 1163 ——
438 1137 631 1181 »Gregarie
656 1138 795 1179 crescit,
822 1144 857 1172 et
886 1137 1030 1182 plantae
1056 1138 1266 1172 hornotinae
1293 1148 1360 1171 non
1386 1136 1555 1171 fiorentes
1581 1147 1659 1170 cum
1685 1136 1819 1169 bienni-

106 1187 172 1222 bus
199 1193 234 1221 et
259 1185 469 1221 florentibus
496 1185 583 1219 adeo
610 1186 741 1219 mixtae
767 1191 975 1228 occurrunt,
1009 1190 1048 1219 ut
1079 1185 1272 1229 caespitem
1303 1184 1507 1228 plantarum
1534 1183 1738 1228 perennium
1766 1193 1819 1216 re-

107 1239 369 1279 praesentent«
421 1232 538 1268 KOCH
564 1233 586 1266 1.
613 1243 641 1267 c.

202 1291 242 1324 In
269 1291 444 1335 Hispania
469 1289 652 1333 (ubinam‘.>
680 1309 720 1313 —
747 1288 822 1333 L.),
859 1289 894 1322 111
919 1288 1039 1322 Sierra
1070 1288 1113 1322 de
1139 1287 1385 1322 Guadarrama
1412 1286 1545 1331 (LAG.)
1577 1292 1613 1322 et
1638 1299 1691 1331 pr.
1718 1287 1821 1320 Sara-

155 1349 295 1381 gossam
323 1338 460 1381 (DUF.).
486 1357 529 1362 -—
556 1336 604 1377 0².
631 1337 677 1380 (n.
702 1336 760 1379 v.).
1220 1339 1222 1343 ⁴

162 1395 294 1475 THab.
320 1395 355 1428 in
381 1394 500 1438 Helv.,
527 1395 669 1431 Ausum,
696 1393 795 1433 Ital,
822 1392 958 1437 Dal1n.,
985 1392 1120 1431 emat...
1155 1392 1289 1435 Hung,
1323 1392 1488 1435 Transs.,
1525 1392 1648 1435 Ture„
1676 1391 1816 1434 Graec,

195 1452 306 1476 aurla.

203 1506 259 1540 Ob
271 1516 377 1540 serv.
421 1504 636 1547 Diagnosem
662 1503 706 1537 ad
733 1503 927 1547 specimina
952 1503 1046 1537 culta
1073 1508 1107 1537 et
1132 1503 1267 1537 iconem
1292 1503 1667 1537 Reichenbachianam
1695 1501 1817 1545 stirpis

155 1552 346 1597 tyrolensis
372 1551 450 1595 feci,
477 1551 539 1585 sed
566 1549 666 1584 valdo
692 1550 825 1591 dubito,
853 1550 936 1593 quin
962 1550 1051 1584 haec
1078 1550 1201 1594 planta
1226 1550 1260 1582 in
1280 1549 1453 1593 Hispania
1470 1555 1618 1583 crescat.
1654 1549 1817 1582 Ceterum

159 1601 296 1644 species
313 1599 520 1632 Linnaeana
547 1608 590 1631 ex
616 1598 692 1641 ipso
711 1597 868 1631 Linnaeo
895 1598 1061 1640 perennis
1087 1602 1141 1630 est
1167 1603 1201 1631 et
1221 1607 1263 1630 ex
1282 1597 1380 1630 icone
1400 1596 1604 1630 Dilleniana
1621 1606 1642 1629 a
1659 1595 1818 1628 Linnaeo

159 1647 270 1681 citata
296 1657 317 1680 a
343 1645 464 1689 planta
491 1644 832 1678 Reichenbachiana
857 1644 968 1687 cymis
992 1642 1202 1677 floribundis
1229 1644 1456 1687 corymbosis.
1480 1642 1629 1677 fioribus
1656 1642 1823 1686 approxi-

157 1694 262 1728 matis
288 1698 354 1726 etc.
382 1692 469 1726 satis
495 1691 663 1725 distincta
688 1701 765 1725 esse
791 1690 939 1726 videtur.
972 1690 1055 1724 Post
1081 1690 1123 1724 cl.
1143 1690 1341 1723 LAGASOA
1359 1696 1394 1725 et
1412 1690 1586 1724 DUFOUR
1611 1689 1644 1723 S.
1665 1689 1822 1733 hispani-

157 1751 236 1774 cum
275 1750 375 1773 nemo
409 1749 521 1781 neque
554 1739 588 1771 in
620 1737 797 1772 montibus
830 1737 1041 1781 Carpetanis
1075 1747 1187 1780 neque
1220 1737 1256 1770 in
1290 1747 1375 1779 agro
1402 1738 1642 1780 Saragossano
1678 1735 1822 1780 reperit,

158 1787 386 1830 quamobrem
413 1785 644 1819 indicationes
670 1784 795 1818 horum
822 1790 1005 1817 auctorum
1030 1783 1157 1817 dubiae
1183 1790 1336 1818 manent.

205 1858 307 1891 3262.
358 1858 395 1890 S.
420 1857 678 1889 Nevadense
705 1854 816 1889 COSS.
843 1855 924 1889 Not.
952 1855 999 1898 pl.
1027 1855 1105 1889 crit.
1132 1867 1165 1899 p.
1186 1856 1270 1889 1631
1297 1854 1452 1888 BOURG.
1479 1854 1526 1898 pl.
1554 1864 1625 1887 exs.
1654 1864 1685 1886 11.
1714 1853 1816 1885 1175.

115 1904 265 1938 »Planta
291 1912 418 1940 annua,
445 1903 579 1945 glabra,
607 1902 724 1936 radice
749 1902 921 1946 perbrevi,
948 1901 1128 1935 radicellis
1154 1901 1313 1936 omnibus
1340 1901 1413 1935 fere
1436 1901 1481 1934 ad
1500 1901 1628 1935 collum
1648 1899 1823 1934 nascenti—

111 1951 188 1985 bus.
239 1950 358 1984 Caulis
384 1949 577 1985 solitarius.
604 1954 754 1991 erectus,
781 1949 897 1984 4ss10
921 1949 1130 1983 centimetra
1153 1949 1290 1991 longus,
1315 1948 1451 1982 inferne
1478 1948 1639 1991 simplex,
1667 1956 1819 1990 superne

110 1998 504 2042 paniculato-ramosus.
556 1995 657 2029 Folia
683 1996 833 2029 linearia
864 1996 1009 2033 obtusa,
1044 1996 1238 2030 subteretia
1272 2006 1380 2039 supra
1413 1994 1656 2039 planiuscula,
1692 1999 1820 2035 erecta,

109 2045 188 2079 basi
213 2044 354 2087 aequali
379 2043 538 2083 sessilia,
572 2042 742 2076 inferiora
774 2043 809 2076 in
842 2043 965 2087 planta
996 2042 1146 2076 florente
1172 2043 1314 2086 saepius
1336 2042 1411 2086 jam
1438 2041 1596 2075 evanida⁴
1650 2040 1821 2074 Panicula

110 2092 253 2135 glabra,
293 2090 791 2134 subi-acemoso—corymlmsa
841 2089 966 2123 Flores
1004 2089 1148 2130 minuti,
1186 2089 1406 2131 longiuscule
1444 2088 1661 2133 pedicellati.
1711 2087 1823 2131 Calyx

110 2137 244 2172 corolla
268 2137 414 2171 dimidia
439 2137 589 2178 longior,
615 2137 747 2180 sepalis
773 2136 1021 2171 crassiusculis
1047 2136 1207 2179 oblongis
1227 2136 1481 2178 subcontig‘uis.
1515 2136 1642 2169 Petala
1661 2136 1680 2167 5
1706 2140 1823 2167 ovato-

111 2185 311 2219 lanceolata
335 2191 451 2223 acuta,
484 2183 603 2218 albida
630 2194 735 2217 nervo
761 2183 893 2217 dorsali
920 2183 1116 2218 virescente
1141 2195 1170 2217 v.
1196 2193 1309 2218 roseo.
1359 2182 1526 2227 Carpella
1551 2181 1644 2227 stylo
1670 2181 1823 2215 breviter

111 2233 274 2266 aristata.
324 2231 490 2264 Proxima
516 2230 549 2264 S.
577 2230 698 2264 villoso
725 2230 786 2264 L.«
840 2229 949 2264 COSS.
977 2230 998 2264 l.
1025 2242 1055 2265 c.

158 2294 248 2384 (BIn
274 2294 416 2337 regione
443 2294 563 2385 alpi1(1a
589 2300 694 2328 mont.
722 2294 842 2328 Sierra
871 2294 1032 2335 Nevada,
1058 2295 1093 2328 in
1118 2293 1240 2328 rivulis
1266 2305 1319 2338 pr.
1345 2293 1526 2328 Bamanco
1553 2292 1596 2325 de
1621 2291 1821 2325 Banalcaza

205 2346 355 2385 OURG.).
385 2361 425 2365 —-
456 2344 497 2383 O
539 2351 570 2374 n.
598 2342 653 2384 v.).

205 2411 307 2444 3263.
358 2412 726 2451 S.pediee11atum
760 2409 843 2443 Bss.
871 2409 912 2443 R.
948 2409 1073 2452 Diagn.
1110 2411 1157 2454 pl.
1193 2421 1269 2444 nov.
1303 2421 1335 2443 n.
1372 2412 1432 2444 24!
1476 2409 1631 2443 BOURG.
1666 2408 1713 2451 pl.
1750 2417 1822 2440 exs.

112 2469 145 2491 n.
173 2458 284 2491 2296!
334 2456 496 2501 Gracile,
534 2457 716 2499 glabrum,
754 2457 856 2490 caule
888 2463 1005 2491 erecto
1039 2457 1154 2490 2ffi3¹¹
1189 2457 1211 2490 l.
1247 2467 1268 2490 a
1303 2456 1380 2490 basi
1419 2456 1677 2491 ramosissimo,
1716 2454 1823 2487 ramis

111 2503 280 2538 flexuosis
304 2504 507 2546 fastigiatis,
534 2514 653 2548 cymas
672 2503 891 2537 dichotomas
910 2504 966 2537 vix
986 2503 1226 2547 scorpioideas
1246 2502 1457 2548 paucifioras
1482 2503 1581 2536 laxas
1608 2500 1822 2543 ferentibus;

111 2550 204 2585 foliis
230 2549 595 2594 ovoideo-cylindricis
622 2551 758 2585 obtusis
783 2550 1136 2594 pruinoso—farinosis
1162 2550 1308 2593 glaucis,
1336 2550 1471 2594 sparsis
1498 2549 1646 2593 patulis:
1672 2547 1821 2580 floribus

111 2598 216 2640 longe
242 2597 476 2641 pedicellatis,
499 2597 714 2641 juvenilibus
741 2596 917 2641 pendulis,
944 2597 1076 2641 sepalis
1102 2596 1329 2631 subrotundis
1355 2597 1507 2631 obtusis.
1536 2595 1666 2640 petalis
1692 2593 1823 2637 ellipti-

111 2645 162 2679 cis
189 2645 310 2688 calyce
336 2643 442 2688 duplo
469 2645 695 2687 longioribus,
723 2644 812 2678 albis
835 2644 924 2678 vitta
949 2654 1051 2678 rosea
1068 2644 1211 2685 notatis,
1237 2644 1398 2678 antheris
1424 2643 1545 2687 petala
1572 2640 1821 2684 sub-aequanti-

111 2693 176 2726 bus
201 2691 499 2735 atro-purpureis,
525 2691 691 2734 carpellis
719 2691 811 2735 stylo
836 2696 941 2725 extus
967 2696 1109 2725 curvato
1135 2692 1238 2733 longe
1264 2690 1485 2724 acuminatis.

206 2749 246 2782 In
271 2749 357 2783 locis
384 2749 619 2793 rupestribus,
644 2748 816 2792 lapidosis
842 2749 1070 2793 arenosisque
1095 2749 1250 2791 regionis
1275 2754 1429 2782 montan.
1456 2745 1624 2780 montium
1651 2745 1820 2788 Carpeta-

159 2807 281 2829 norum
307 2795 440 2840 passim
467 2795 601 2839 (Sierra
627 2795 669 2829 de
695 2794 943 2829 Guadarralna
967 2807 995 2829 c.
1022 2795 1054 2829 S.
1083 2795 1210 2829 Rafael
1237 2801 1271 2828 et
1297 2793 1515 2834 Miraflores,
1543 2792 1686 2833 Reor„
1715 2791 1822 2824 Pinar

161 2842 203 2876 de
230 2842 487 2885 Guadarrama,
514 2842 631 2876 LGE.!
660 2853 768 2886 supra
793 2841 941 2884 (11102ῑώἼ
968 2842 1168 2885 Bomzffl).
1196 2861 1234 2865 —
1268 2844 1309 2883 Q)
1335 2840 1560 2882 .lun.—Aug.
1587 2839 1629 2882 (v.
1659 2842 1711 2882 s).

206 2905 383 2940 Observ.
432 2906 556 2940 Flores
583 2916 651 2940 sec.
680 2906 722 2939 cl.
749 2905 833 2938 BSS.
860 2905 985 2939 REUT.
1020 2905 1194 2949 pedicello
1227 2905 1271 2939 iis
1309 2904 1476 2947 2—3·plo
1512 2903 1659 2936 breviori
1687 2901 1821 2936 suffulti

160 2959 252 2993 sunt,
278 2952 339 2987 sed
359 2953 552 2996 specimina
570 2952 762 2995 Langeana
785 2958 820 2985 et
838 2952 1070 2994 Bourgaeana
1089 2962 1179 2994 quae
1205 2957 1287 2985 ante
1313 2951 1432 2985 oculos
1460 2950 1586 2992 habeo,
1611 2948 1821 2993 pedicellum

162 2999 295 3034 habent
319 2998 406 3034 flore
432 3000 626 3042 longiorem
651 2998 753 3033 valde
779 2998 956 3041 gracilem.
