1976 3314
976 158 1069 206 148

289 283 528 325 DCXXVIII.
572 282 938 324 SCLERANTHUS
969 282 1012 325 L.
1047 283 1144 323 Gen.
1177 282 1227 335 pl.
1278 282 1376 335 Styli
1410 282 1447 333 2,
1479 280 1733 335 stigmatibus
1764 281 1871 335 capi-

174 344 278 383 tatis.
331 343 476 383 Semen
511 341 686 382 funiculo
719 354 741 380 e
776 341 896 381 fundo
931 340 1047 381 loculi
1080 345 1169 380 orto
1203 341 1238 379 in
1273 339 1430 380 utriculi
1465 341 1577 392 apice
1610 352 1868 392 suspensum.

174 426 228 430 —
253 401 392 441 Flores
426 399 656 449 viridi-albi.
688 398 908 439 fasciculati
943 403 1008 438 aut
1030 399 1195 451 cymosi.
1243 397 1351 437 Folia
1381 397 1464 437 basi
1489 398 1651 437 dilatala
1674 402 1714 437 et
1749 410 1870 436 mem—

173 459 629 510 branaceo-marginata,
661 462 843 497 connata.
898 455 1042 496 Caules
1077 455 1233 495 nodosi.

267 550 368 582 3275.
418 550 455 582 S.
481 549 681 589 perennis
707 546 746 579 L.
774 545 855 580 Cod.
882 557 914 579 11.
935 546 1046 580 31821
1074 545 1143 579 DC.
1171 545 1224 579 Fl.
1253 545 1295 579 fr.
1315 545 1377 589 IV,
1402 557 1435 589 p.
1456 547 1543 580 403!
1570 544 1641 579 GR.
1662 544 1791 580 GODR.
1818 544 1871 578 Fl.

175 596 234 631 Fr.
254 595 280 640 I,
308 607 339 640 p.
359 596 444 629 6141
471 594 575 627 LAM.
602 593 657 627 111.
683 600 707 626 t.
727 595 810 627 374!
846 592 1084 637 Caespitosus,
1112 592 1338 634 multicaulis,
1365 592 1525 626 caulibus
1550 591 1688 626 diffusis
1717 593 1829 624 1—2¹¹
1848 591 1869 624 1.

172 642 400 677 dichotomis.
424 641 514 675 facie
538 640 652 674 altera
677 639 810 682 glabris
836 639 951 673 altera
975 638 1082 672 dense
1108 639 1304 683 puber-ulis,
1332 639 1478 683 foliosis3
1505 638 1596 672 foliis
1622 637 1755 681 glaucis
1782 648 1871 671 mar-

174 691 252 732 gine
278 688 418 730 ciliatis,
445 687 638 721 linearibus
664 687 794 723 acutis.
821 686 1125 729 plano-convexis,
1153 687 1194 720 ob
1221 685 1304 720 folia
1326 685 1468 729 juniora
1493 685 1528 719 111
1553 684 1671 719 axillis
1697 690 1776 719 orta
1801 684 1869 718 fas-

171 735 349 776 ciculatis,
376 744 481 779 saepe
506 733 661 777 falcatis;
693 732 839 767 floribus
864 732 1107 766 terminalibus
1133 732 1367 775 fasciculatis,
1395 732 1526 776 sepalis
1550 731 1623 766 late
1648 731 1872 773 albo-margi-

173 782 265 817 natis
290 781 451 824 oblongis
475 780 575 824 apice
602 779 812 823 rotundatis,
837 779 921 813 tubo
947 778 1177 822 longioribus,
1204 784 1283 823 post
1307 779 1470 814 antbesin
1497 778 1775 812 conniventibus.

268 839 309 872 In
335 839 421 873 locis
447 837 621 879 arenosis,
654 836 843 879 glareosis,
876 836 1097 880 rnpestribus
1128 836 1230 871 siccis
1263 836 1415 879 regionis
1446 835 1618 879 inferior,
1650 841 1803 869 montan.
1838 840 1872 868 et

219 886 328 931 alpin.
347 885 542 929 Hispaniae
567 884 710 918 boreal..
736 883 884 918 central.
908 888 943 917 et
968 883 1168 918 orientalis:
1195 884 1230 918 in
1248 883 1381 917 Gallec.
1407 883 1460 925 (in
1485 882 1578 925 agris
1605 881 1747 916 ditionis
1770 880 1868 914 Cam-

221 932 437 978 postelanae,
464 932 616 975 PLAN.).
641 937 789 974 utraque
807 930 901 964 Cast.
928 932 970 972 (c.
993 930 1028 964 la
1048 929 1181 974 GranJa
1198 936 1233 965 et
1251 930 1363 973 Avila,
1388 930 1523 965 COLM..
1547 929 1583 962 in
1607 939 1691 972 agro
1709 927 1871 963 Madrit..

223 979 358 1015 COLM..
383 978 525 1022 RODR,
551 978 694 1021 CARR.,
721 988 749 1011 (·.
777 977 905 1019 Ribas,
932 977 1116 1020 POURR.),
1147 977 1302 1020 Aragon.
1330 977 1378 1021 (111
1404 977 1532 1021 Pyren.
1559 976 1691 1010 Puerto
1717 974 1759 1008 de
1785 974 1873 1008 Can-

222 1026 331 1069 franc,
357 1037 385 1060 c.
412 1026 538 1059 balnea
556 1024 745 1058 Panticosa
770 1023 813 1057 ad
841 1023 901 1058 alt.
922 1024 1106 1068 5-6000‘,
1134 1024 1234 1060 ΨΚ..
1259 1023 1318 1057 Col
1345 1023 1388 1057 de
1414 1023 1571 1065 Bassive,
1597 1022 1725 1064 TIMB„
1751 1021 1872 1055 Casta-

221 1083 317 1117 nesa,
342 1073 537 1116 Benasque,
564 1071 706 1114 CSTA.).
732 1070 842 1104 Catal.
863 1070 1016 1114 (Pyreir.
1042 1070 1225 1116 Monseny.
1252 1072 1383 1113 SALV.,
1403 1070 1539 1110 COLM.,
1557 1070 1684 1109 (ISTA,
1709 1068 1872 1110 Vilaller,

222 1120 357 1163 CSTA.,
382 1119 496 1154 Rasos
524 1118 615 1152 altos
640 1117 682 1151 de
709 1118 885 1160 Peguera.
911 1116 1059 1153 GRAU..
1093 1118 1126 1154 S.
1153 1117 1245 1152 Juan
1271 1118 1313 1152 de
1339 1117 1393 1152 las
1420 1116 1622 1159 Abadesas,
1647 1115 1745 1158 Olot,
1773 1115 1872 1148 Cam-

221 1166 368 1211 prodon,
394 1165 563 1209 Tamo).
584 1185 626 1189 —
655 1173 691 1204 21.
716 1164 826 1207 Majo.
851 1163 957 1198 Junio
983 1170 1027 1203 (v.
1054 1164 1110 1205 ν.).

268 1224 358 1258 Hab.
380 1224 415 1257 in
433 1223 549 1266 Angl,
575 1222 736 1257 Scandin.
755 1226 840 1265 (exe.
860 1221 1046 1266 Lappon.).
1066 1221 1167 1261 Gall„
1195 1221 1340 1266 Europa
1358 1220 1459 1265 med,
1478 1220 1587 1263 Cors.,
1614 1220 1704 1263 Ital.,
1730 1219 1873 1253 Tureia.

270 1294 373 1327 3276.
422 1295 448 1326 S
486 1291 828 1333 polycnemoides
856 1289 943 1325 WK.
977 1297 1012 1324 et
1037 1290 1153 1324 CSTA.
1185 1300 1242 1334 ap.
1275 1288 1364 1324 WK.
1395 1289 1481 1331 Pug.
1516 1300 1547 1322 n.
1577 1290 1637 1323 19!
1677 1288 1792 1322 CSTA.
1818 1287 1873 1320 Fl.

178 1340 291 1374 catal.
318 1351 350 1384 p.
376 1340 438 1373 881
490 1339 663 1373 Annuus?
686 1337 819 1379 glaber,
846 1336 1083 1379 glaucescens.
1109 1335 1269 1371 caulibus
1295 1335 1430 1370 diffusis
1458 1337 1570 1368 1-2‘¹
1597 1336 1620 1369 1.
1646 1335 1726 1368 inde
1751 1344 1771 1368 a
1797 1334 1875 1367 basi

173 1385 595 1429 furcam-ramosissimis,
622 1385 665 1418 ob
690 1382 889 1418 internodia
914 1383 1120 1418 abbreviata
1144 1383 1398 1427 foliosissimis3
1431 1381 1525 1416 foliis
1551 1381 1723 1417 subulatis
1749 1380 1872 1424 rigidis

175 1433 489 1478 subpungentiluis,
515 1432 590 1466 basi
617 1431 687 1465 late
712 1430 958 1473 vaginantibus
983 1430 1166 1475 ciliolati83
1193 1429 1339 1465 floribus
1365 1429 1550 1474 perparvis
1575 1428 1768 1471 sessilibus,
1793 1427 1872 1461 aliis

174 1479 363 1524 solitariis,
397 1479 478 1514 aliis
514 1478 548 1512 in
582 1487 702 1523 cymas
736 1477 941 1512 terminales
968 1477 1186 1512 dicliotomas
1213 1477 1311 1511 laxas
1346 1475 1544 1521 dispositis:
1582 1475 1712 1520 sepalis
1750 1474 1872 1508 tubum

172 1526 406 1570 aequantibus
433 1537 461 1559 v.
487 1524 735 1569 superantibus
760 1523 967 1559 lanceolatis
993 1524 1064 1558 late
1090 1523 1370 1558 membranaceis
1395 1521 1647 1564 obtusissimis,
1681 1521 1873 1556 fructiferis

172 1573 313 1608 erectis.
339 1592 382 1597 -α
408 1572 576 1607 Plantula
600 1570 807 1611 humillima,
833 1570 940 1604 dense
965 1570 1180 1615 caespitosa.
1212 1575 1355 1614 propter
1379 1569 1580 1604 internodia
1605 1568 1812 1603 abbreviata
1837 1573 1872 1601 et

172 1620 254 1654 folia
288 1620 393 1662 longa
427 1619 540 1662 rigida
576 1618 736 1653 habitum
763 1616 1052 1661 Polycnemorum
1078 1617 1204 1652 reddit.
1254 1616 1396 1650 Ramuli
1428 1616 1646 1661 cymularum
1679 1614 1868 1649 unifariam

171 1667 345 1711 puberuli.

265 1725 306 1758 In
329 1724 463 1768 campis
488 1723 645 1757 arenosis
671 1722 826 1765 regionis
851 1726 1006 1755 montan.
1032 1720 1264 1755 Catalauniae
1289 1731 1368 1755 raro
1393 1720 1581 1765 (Monseny
1606 1730 1657 1764 pr.
1683 1717 1870 1754 Viladran.

221 1771 359 1807 CSTA.!
385 1771 420 1804 in
447 1769 578 1806 ditione
604 1769 657 1803 las
682 1768 863 1811 Gai-rigas,
890 1767 1039 1811 GONZ.).
1065 1787 1109 1792 -
1134 1767 1241 1802 Junio
1267 1768 1310 1811 (v.
1339 1768 1392 1811 s.).

266 1842 368 1875 3277.
417 1843 455 1875 S.
482 1850 649 1873 annuus
675 1838 715 1873 L.
743 1838 826 1873 Uod.
853 1849 884 1871 11.
913 1839 1021 1872 31811
1048 1837 1120 1871 DC.
1146 1838 1167 1871 l.
1194 1850 1235 1881 c.,
1261 1837 1331 1871 GR.
1351 1838 1482 1870 GODR.
1510 1836 1530 1869 l.
1551 1847 1592 1876 c.,
1618 1835 1671 1868 Fl.
1693 1834 1772 1868 dan.
1800 1834 1866 1875 III.

169 1893 196 1922 t.
223 1889 301 1931 503,
327 1887 482 1922 BOURG.
509 1887 556 1930 pl.
583 1896 654 1920 exs.
682 1897 711 1919 11.
742 1886 830 1919 1342
857 1890 891 1918 et
918 1886 1027 1919 22721
1077 1883 1316 1925 Multicaulis,
1342 1883 1435 1917 laete
1460 1883 1594 1925 virens,
1620 1881 1778 1916 caulibus
1804 1881 1864 1915 ad-

172 1934 420 1969 scendentibus
445 1934 520 1967 basi
546 1943 652 1977 saepe
677 1931 903 1975 geniculatis.
936 1929 1422 1969 dichotomo-ramosissimis,
1456 1928 1640 1963 unifariam
1666 1928 1867 1972 puberulis:

171 1981 265 2016 foliis
289 1981 422 2024 glabris
447 1980 639 2014 linearibus
664 1979 793 2024 acutis,
828 1977 1129 2022 plalw-convexis.
1165 1978 1208 2010 ob
1240 1976 1440 2011 internodia
1471 1975 1679 2019 saepissima
1704 1975 1869 2018 elongata

172 2029 336 2067 remotis:
362 2027 508 2062 floribus
534 2026 697 2071 plurimis
723 2025 767 2059 ad
793 2026 928 2070 apicem
953 2024 1168 2059 ramulorum
1195 2023 1301 2058 dense
1326 2023 1556 2066 fasciculatis,
1583 2021 1664 2057 aliis
1689 2022 1724 2054 in
1750 2021 1870 2055 dicho-

171 2075 289 2109 tomiis
321 2081 382 2109 aut
413 2074 449 2108 in
481 2073 602 2108 axillis
629 2072 814 2115 solitariis,
853 2071 984 2116 sepalis
1017 2071 1136 2105 tubum
1168 2070 1485 2114 subaequantibus,
1521 2079 1539 2102 e
1564 2068 1641 2103 basi
1672 2068 1870 2102 lanceolata

171 2122 365 2156 linearibus
382 2119 631 2164 angustissime
649 2118 965 2161 albo-marginatis,
991 2118 1114 2160 acutis,
1141 2123 1222 2161 post
1238 2117 1402 2151 anthesin
1420 2116 1553 2161 patulis
1578 2115 1678 2159 apice
1704 2115 1867 2149 incurvis.

265 2179 306 2212 In
324 2179 419 2222 agris
444 2178 600 2221 locisque
618 2179 787 2219 arenosis,
813 2175 933 2220 muris,
959 2185 1023 2220 per
1039 2185 1176 2209 omnem
1192 2174 1414 2219 Hispaniam,
1440 2173 1475 2206 in
1500 2172 1635 2206 boreali
1660 2177 1695 2206 et
1720 2172 1868 2206 centrali

217 2225 360 2269 regione
385 2225 551 2259 inferiore
577 2229 611 2258 et
636 2229 801 2258 montana
833 2222 919 2257 satis
955 2222 1140 2265 frequens,
1174 2221 1209 2254 in
1244 2220 1408 2256 orientali
1435 2225 1469 2255 et
1493 2219 1642 2253 australi
1667 2220 1701 2252 in
1726 2219 1867 2261 regione

217 2278 323 2307 mont.
349 2277 385 2306 et
410 2272 530 2316 alpina
555 2271 687 2315 passim
713 2271 755 2314 (v.
774 2281 803 2304 c.
826 2270 860 2303 in
878 2269 1091 2313 Pyrenaeor.
1110 2267 1259 2303 vallibus
1282 2268 1448 2311 jugisque
1473 2266 1517 2301 ad
1536 2266 1598 2300 alt.
1618 2266 1722 2299 5000‘
1747 2276 1869 2310 usque,

217 2319 253 2352 in
279 2318 481 2362 Aragoniae
506 2324 541 2353 et
566 2317 749 2351 Catalaun.
775 2316 950 2351 montibus
973 2315 1055 2350 111110
1078 2314 1177 2357 inde,
1210 2315 1246 2349 in
1270 2314 1370 2358 regni
1394 2314 1541 2348 Granat.
1567 2313 1711 2348 montib.
1738 2312 1782 2346 ad
1807 2312 1869 2347 alt.

219 2366 419 2410 5—6000⁴).
445 2385 490 2389 —
518 2368 559 2406 Θ
586 2363 828 2407 Maio—Sept.
858 2363 902 2407 (v.
929 2361 984 2406 v.).

263 2422 354 2457 Hab.
379 2423 415 2457 111
441 2422 534 2457 0111111
560 2421 715 2466 Europa,
741 2431 817 2454 exc.
843 2419 1014 2464 Lappon.,
1040 2418 1178 2463 Graec,
1206 2418 1347 2453 Turcia.

264 2494 366 2528 3278.
417 2494 454 2526 S.
481 2494 709 2526 uncinatus
735 2489 871 2523 SCHUR
895 2489 930 2522 in
956 2487 1151 2523 Verliandl.
1180 2487 1211 2522 d.
1237 2488 1322 2523 sieb.
1350 2487 1431 2522 Ver.
1461 2489 1569 2529 1850,
1602 2498 1636 2530 p.
1665 2487 1747 2529 107,
1777 2486 1864 2519 1851

171 2552 205 2585 p.
233 2542 388 2582 11—13,
414 2544 449 2573 et
473 2539 509 2571 in
534 2548 648 2572 enum.
681 2536 728 2580 pl.
757 2535 950 2570 Transsilv.
979 2547 1012 2579 p.
1039 2536 1125 2569 2241
1164 2534 1256 2569 Β1111.
1289 2545 1357 2569 soc.
1391 2534 1461 2569 bot.
1488 2533 1548 2569 Fr.
1579 2533 1690 2575 1859,
1721 2543 1754 2576 p.
1781 2533 1868 2566 2811

170 2587 208 2631 (S
247 2587 434 2621 uncinatus
460 2585 632 2619 MARTIN
666 2589 701 2618 et
735 2583 849 2616 TIMB.
876 2582 1005 2615 LAGR.
1033 2582 1068 2615 in
1092 2581 1183 2616 Bull.
1216 2592 1284 2616 soc.
1317 2582 1385 2616 bot.
1413 2581 1473 2615 Fr.
1502 2581 1607 2623 1855,
1642 2591 1676 2624 p.
1703 2580 1789 2613 2211
1833 2578 1867 2612 S.

171 2634 383 2678 polycarpus
408 2631 538 2666 GREN.
563 2631 673 2665 Arcb.
699 2629 735 2663 fl.
761 2629 821 2663 Fr.
846 2628 917 2662 All.
942 2640 975 2673 p.
1003 2630 1089 2662 2061
1116 2639 1185 2662 11011
1209 2627 1251 2662 L.
1277 2638 1341 2663 nec
1366 2627 1436 2662 DC.
1463 2637 1526 2661 nec
1553 2625 1624 2660 GR.
1652 2624 1782 2660 GODR.
1811 2624 1870 2658 Fl.

170 2680 229 2714 Fr.
262 2681 283 2715 l.
309 2692 354 2719 0.,
391 2679 459 2713 Sel.
486 2678 633 2713 Martini
664 2676 792 2710 GREN.
824 2675 949 2718 Arch„
984 2675 1037 2709 Sc.
1071 2685 1209 2709 annuus
1241 2685 1312 2709 var.
1346 2675 1531 2709 uncinatus
1562 2673 1696 2711 MOQU.
1735 2671 1865 2705 TAND.

171 2727 261 2761 Bull.
288 2728 309 2761 1.
329 2720 357 2761 c.
383 2738 416 2770 p.
444 2728 463 2758 7
468 2726 559 2768 681).
599 2723 726 2758 Differt
751 2733 772 2756 a
798 2721 959 2767 praeced.
987 2721 1177 2765 praecipue
1201 2720 1346 2756 floribus
1371 2721 1407 2755 in
1431 2720 1549 2755 axillis
1574 2719 1737 2754 foliorum
1764 2728 1868 2762 supe-

170 2774 300 2807 riorum
326 2772 543 2807 fasciculatis
569 2777 629 2805 aut
661 2769 828 2804 solitariis
858 2768 1133 2807 subracemosis,
1168 2768 1298 2812 sepalis
1323 2768 1444 2802 tubum
1471 2765 1719 2811 superantibus
1744 2770 1867 2808 paten-

170 2821 266 2855 tibus
284 2820 382 2863 apice
401 2819 528 2853 eximie
547 2815 898 2851 hamato-incurvatis
917 2815 1140 2850 mucronatis.
1175 2815 1301 2849 Caules
1328 2824 1435 2859 saepe
1453 2811 1731 2847 numerosissimi
1755 2821 1868 2844 ramo-

172 2867 304 2901 sissimi
329 2865 445 2900 diffusi
471 2865 585 2899 ‘cl—6⁴¹
612 2864 633 2897 l.
660 2862 851 2907 caespitem
877 2861 1022 2895 densum
1048 2863 1238 2896 formantes
1264 2872 1355 2895 nunc
1381 2861 1457 2894 laxe
1483 2859 1614 2901 foliati,
1648 2868 1738 2892 nunc
1762 2858 1868 2891 inter-

172 2913 286 2947 nodiis
311 2912 526 2947 abbreviatis
551 2909 780 2945 foliosissimi.

267 2982 307 3015 In
331 2981 417 3015 locis
442 2981 600 3014 arenosis
625 2978 867 3023 glareosisque
891 2976 1042 3019 regionis
1068 2982 1219 3012 montan.
1247 2981 1282 3011 et
1304 2975 1478 3020 subalpin.
1497 2975 1757 3020 Pyrenaeorum
1778 2973 1868 3006 Ara-

219 3040 296 3072 gon.
322 3034 356 3063 et
376 3027 558 3062 Catalaun.
585 3027 716 3071 passim
743 3025 830 3070 (Pto.
850 3024 892 3058 de
911 3022 1094 3061 Canfranc,
1122 3022 1223 3068 WK.,
1247 3023 1350 3058 Valle
1369 3022 1411 3056 de
1428 3023 1537 3066 Aran,
1563 3019 1763 3054 Maladetta
1788 3024 1869 3060 etc,
