1976 3314
954 167 1051 211 774

247 289 340 325 Hab.
365 290 401 324 in
426 289 539 325 Lusit.
566 289 618 333 (in
641 287 824 332 Algarbiis
848 286 981 331 frequ.‚
1006 285 1126 331 WK.>,
1152 285 1266 329 Gall„
1291 285 1392 329 Ital,
1419 287 1515 323 Cors.
1535 316 1541 333 ,
1567 287 1718 335 Sardin.,
1743 287 1850 334 Sicil.,

202 336 319 383 Ture„
345 336 482 382 Graec„
508 335 704 382 Archipel.‚
731 334 847 379 Creta,
871 334 963 369 Asia
987 333 1131 368 minore.

273 441 571 482 DCCCCLVIII.
634 438 940 481 HUTCHINSIA
982 439 1026 480 R.
1077 438 1145 479 BR.
1194 438 1304 479 Hort.
1338 439 1447 480 Kew.
1489 440 1551 482 ed.
1584 439 1632 489 2,
1676 439 1753 482 vol.
1787 439 1851 491 lv,

155 511 190 551 p.
224 497 292 538 82.
355 499 497 551 Sepala
543 499 629 539 basi
675 497 866 550 aequalia.
927 496 1062 536 Petala
1110 509 1232 548 parva
1265 497 1538 549 subaequalia.
1601 499 1780 538 Stamina
1812 497 1850 549 6,

152 556 365 597 filamentis
398 557 535 598 liberis
568 556 782 597 edentulis
845 554 1006 595 Silicula
1038 555 1154 595 valde
1188 567 1444 607 compressa,
1477 557 1590 608 apice
1621 557 1782 609 integra
1812 569 1848 595 v.

152 613 394 654 brevissime
439 615 805 668 angustissimeque
851 613 1100 665 emarginata
1132 612 1396 667 (bidentata),
1444 614 1634 666 stigmate
1677 615 1848 666 capitato

152 672 288 711 sessili
321 678 387 713 aut
418 672 658 712 brevissime
691 672 881 724 stipitato,
917 670 1043 711 valvis
1076 671 1227 723 apteris
1260 670 1384 711 dorso
1406 670 1625 726 (margine)
1647 673 1851 722 carinatis,

150 729 294 770 loculis
327 730 558 782 2-spermis.
620 730 781 769 Semina
827 728 1001 782 oblonga
1045 741 1282 782 compressa
1321 729 1626 783 immarginata‚
1671 730 1848 771 funiculo

154 787 343 841 elongato
376 788 548 839 suffulta,
580 787 765 840 pendula.

244 889 348 922 4635.
397 890 450 922 Η.
476 892 649 930 petraea
687 887 757 933 (L.)
782 888 824 923 R.
850 887 920 924 BR.
955 888 978 923 l.
1007 900 1059 933 c.,
1095 888 1166 924 GR.
1193 888 1322 924 GODR.
1348 888 1370 923 l.
1397 900 1425 924 c.
1452 900 1485 933 p.
1515 890 1600 924 148!
1650 889 1745 926 AMO
1769 889 1792 925 l.
1819 901 1847 926 c.

152 945 185 978 p.
211 935 294 970 6222
346 933 437 968 WK.
461 935 509 979 pl.
536 935 639 980 Hisp.
666 945 739 970 exs.
767 936 881 979 1845,
906 946 939 970 n.
966 937 1035 970 830
1061 935 1262 980 (Lepidium
1286 940 1472 980 petraeum
1496 934 1538 970 L.
1566 935 1648 971 Cod.
1675 948 1707 972 n.
1734 938 1846 973 4682!

150 980 340 1017 Teesdalia
363 986 510 1027 petraea
534 981 662 1016 RCHR.
688 982 737 1018 Ic.
763 982 786 1016 1.
812 993 841 1016 c.
865 982 888 1016 f.
913 983 1048 1026 4190!).
1098 982 1323 1027 Gracillima,
1349 983 1473 1026 glabra
1496 989 1558 1018 aut
1582 984 1767 1028 puberula,
1792 994 1848 1019 ra-

149 1027 227 1063 dice
252 1028 360 1072 tenui,
386 1028 486 1063 caule
512 1034 629 1063 erecto
654 1027 811 1064 flexuoso
831 1028 968 1074 1s2—4¹¹
986 1029 1021 1075 1.,
1048 1039 1156 1074 saepe
1181 1041 1202 1064 a
1227 1029 1304 1064 basi
1329 1030 1680 1075 brachiato—ramoso,
1705 1031 1848 1076 foliat03

148 1074 242 1110 foliis
265 1075 760 1120 pectinato-pinnatipartitis,
802 1076 1016 1112 basilaribus
1041 1076 1120 1111 laxe
1145 1077 1311 1112 rosulatis
1336 1077 1438 1120 longe
1462 1077 1661 1123 petiolatis‚
1698 1078 1848 1113 caulinis

148 1121 295 1157 alternis
321 1122 515 1166 sessilibus,
538 1122 639 1157 valde
665 1122 943 1163 decurrentibus,
968 1123 1107 1159 laciniis
1132 1124 1287 1167 omnium
1311 1123 1531 1169 petiolulatis
1549 1124 1649 1170 apice
1666 1135 1849 1160 mucrona-

147 1169 212 1214 tis,
254 1168 401 1205 floribus
426 1169 543 1213 parvis
569 1169 803 1215 corymbosis,
845 1170 973 1214 petalis
1000 1170 1418 1214 spathulato-linearibus
1443 1170 1552 1216 albis3
1596 1171 1744 1207 siliculis
1768 1172 1849 1207 laxe

147 1216 348 1261 racemosis,
374 1215 548 1260 pedicello
573 1217 982 1261 arcuato-patentissimo
1006 1217 1121 1252 fructu
1148 1217 1254 1263 duplo
1278 1217 1435 1261 longiore
1454 1217 1620 1261 suffultis,
1649 1218 1850 1254 horizonta-

148 1262 260 1308 libus,
286 1263 595 1308 plano-convexis,
620 1263 803 1308 paululum
828 1274 967 1299 sursum
992 1265 1163 1308 curvatis,
1188 1265 1357 1309 ellipticis
1381 1264 1595 1310 ovalibusve,
1623 1265 1797 1311 1—-11s4‘¹‘
1824 1266 1847 1301 1.

150 1329 192 1335 —-
216 1309 382 1344 Plantula
404 1309 654 1355 polymorpha,
695 1309 810 1354 quoad
841 1310 1004 1346 foliorum
1029 1310 1176 1346 lacinias
1202 1316 1238 1346 et
1263 1312 1481 1347 silicularum
1505 1311 1785 1356 magnitudinem
1812 1317 1847 1347 et

146 1356 402 1392 formationem.
449 1356 554 1391 Folia
587 1356 760 1392 basilaria
793 1357 876 1401 (non
913 1367 1054 1403 semper
1090 1368 1215 1393 revera
1238 1358 1411 1402 rosulata)
1445 1358 1482 1393 in
1506 1358 1630 1403 planta
1653 1359 1850 1404 Hispanica

147 1403 354 1447 saepissime
379 1403 527 1438 lacinias
553 1405 584 1446 5,
611 1405 642 1448 7,
668 1404 700 1448 9,
728 1405 768 1437 11
796 1403 928 1439 habent
955 1407 1159 1449 (numquam
1187 1406 1346 1450 13—-19,
1385 1410 1423 1440 ut
1456 1406 1492 1440 in
1517 1406 1643 1451 planta
1667 1405 1847 1450 Gallical).

146 1449 314 1485 Laciniae
337 1449 500 1485 foliorum
526 1449 732 1484 basilarium
756 1450 858 1486 modo
882 1451 954 1486 late
989 1452 1105 1488 ovales
1129 1464 1158 1486 v.
1186 1452 1366 1496 obovatae,
1391 1451 1492 1487 modo
1517 1453 1622 1487 ovali-
1647 1465 1677 1487 v.
1706 1453 1848 1488 lineari-

147 1497 387 1542 lanceolatae,
422 1496 642 1531 caulinorum
677 1507 815 1542 semper
848 1498 1084 1542 angustiores.
1131 1498 1259 1533 Petala
1284 1499 1407 1543 calyce
1431 1499 1533 1534 modo
1559 1499 1720 1543 longiora
1743 1500 1848 1535 modo

145 1544 308 1579 breviora
331 1556 362 1579 v.
388 1543 512 1588 sepala
536 1544 734 1589 aequantia,
763 1543 824 1580 sed
850 1554 990 1589 semper
1014 1545 1400 1590 spathulato-linearia‚
1426 1556 1496 1580 non
1520 1546 1758 1592 unguiculata,
1784 1547 1847 1582 sub

147 1592 245 1626 anth.
271 1591 538 1626 horizontaliter
561 1591 734 1635 patentia.
783 1591 951 1626 Siliculae
976 1592 1077 1627 modo
1101 1591 1281 1636 ellipticae
1307 1592 1471 1636 utrinque
1487 1592 1719 1638 redundatae,
1745 1593 1847 1629 modo

147 1638 265 1673 ovales
290 1638 456 1681 utrinque
482 1642 626 1679 acutae,
653 1638 755 1682 apice
780 1637 1029 1682 integerrimae
1053 1651 1084 1674 v.
1109 1639 1332 1683 bidentatae,
1369 1639 1536 1682 stigmate
1562 1641 1762 1685 apiculatae
1787 1646 1850 1676 aut

147 1696 215 1720 non
240 1684 439 1730 apiculatae
465 1685 586 1729 (saepe
611 1684 648 1718 in
673 1695 740 1719 uno
766 1684 958 1729 eodemque
984 1685 1218 1731 speciminel).
1255 1684 1397 1722 Semina
1420 1686 1635 1730 ferruginea.
1685 1687 1848 1724 Varieta-

146 1736 201 1768 tes
226 1736 414 1776 sequentes
438 1730 558 1766 formis
583 1731 802 1767 intermediis
827 1737 1025 1768 transeunt.

297 1801 331 1823 α.
357 1788 578 1831 genuina,
604 1788 704 1823 caule
730 1790 845 1823 2-4“
871 1789 905 1831 1.,
931 1789 1096 1825 foliorum
1122 1789 1329 1825 basilarium
1353 1790 1494 1825 laciniis
1521 1790 1624 1826 ovali-
1650 1803 1679 1826 v.
1705 1791 1849 1826 lineari-

356 1835 564 1870 lanceolatis
583 1836 708 1881 5—11,
734 1836 863 1880 petalis
882 1836 1003 1881 calyce
1028 1836 1256 1881 longioribus,
1285 1837 1435 1872 siliculis
1453 1837 1619 1883 ellipticis
1637 1838 1848 1882 ovalibusve,

354 1892 425 1917 non
450 1882 689 1927 emarginatis,
714 1883 878 1926 stigmate
903 1883 1092 1928 apiculatis
1117 1888 1178 1918 aut
1203 1895 1272 1919 non
1299 1884 1507 1929 apiculatis,

296 1939 335 1981 β.
361 1939 670 1975 Granatensis
688 1940 817 1975 AMOl.
836 1952 877 1985 c.,
902 1940 1041 1977 laciniis
1064 1940 1229 1976 foliorum
1253 1941 1511 1987 praecedentis,
1537 1942 1666 1987 petalis
1691 1942 1847 1988 calycem

358 1986 630 2031 excedentibus,
672 1987 820 2022 siliculis
853 1987 1022 2032 ellipticis
1058 1999 1088 2022 v.
1115 1988 1274 2023 ovalibus
1299 1989 1401 2033 apice
1425 1988 1640 2035 bidentatis,
1682 1990 1847 2034 stigmate

359 2033 475 2069 sessili
500 2039 561 2068 aut
584 2033 790 2070 brevissime
815 2035 973 2079 stipitato
998 2034 1297 2079 emarginaturam
1322 2040 1510 2081 aequante,

293 2103 330 2136 22.
356 2101 487 2135 nana,
523 2091 624 2126 caule
651 2090 789 2136 ¹s2—1¹‘
816 2092 856 2136 1.,
887 2091 980 2127 foliis
1007 2092 1114 2128 dense
1140 2093 1324 2136 rosulatis,
1350 2093 1488 2130 laciniis
1516 2095 1605 2128 3—9
1631 2094 1791 2130 ovalibus
1816 2106 1845 2129 v.

361 2138 529 2183 obovatis,
554 2137 682 2182 petalis
707 2139 864 2183 calycem
887 2140 1121 2183 aequantibus
1148 2152 1177 2175 v.
1204 2141 1467 2185 superantibus,
1494 2141 1640 2177 siliculis
1665 2141 1847 2186 ellipticis⁷

358 2196 426 2220 non
444 2185 683 2230 emarginatis,
706 2185 803 2231 1⁰¹1„
822 2186 987 2229 stigmate
1005 2187 1193 2231 apiculatis
1213 2187 1414 2232 (Lepidium
1433 2193 1705 2233 tetraspermum
1722 2188 1845 2233 ΒΗΚ).

239 2242 282 2276 In
306 2242 477 2286 arenosis,
503 2243 674 2286 glareosis
698 2243 908 2288 rupiumque
932 2243 1070 2280 fissuris
1095 2245 1249 2288 regionis
1272 2245 1439 2292 inferior,
1465 2251 1619 2282 montan.
1645 2251 1681 2282 et
1703 2246 1846 2291 alpinae

193 2288 390 2334 Hispaniae
415 2290 588 2334 oriental.,
612 2290 758 2325 central.
785 2296 820 2325 et
844 2291 1023 2336 australis,
1051 2304 1085 2325 α.
1113 2292 1199 2327 satis
1223 2292 1411 2336 frequens,
1438 2295 1476 2335 β.
1503 2293 1539 2327 in
1565 2304 1673 2337 regno
1697 2292 1844 2329 Granat.

191 2337 326 2380 passim
352 2336 399 2380 (in
426 2337 575 2371 collibus
601 2337 677 2379 agri
702 2336 859 2381 Granat,
886 2338 990 2380 AMO,
1019 2338 1136 2373 LGE.!
1163 2350 1215 2383 pr.
1241 2339 1434 2374 Purullena
1459 2344 1494 2374 et
1517 2340 1636 2376 Venta
1660 2339 1717 2374 del
1741 2340 1842 2385 Baul,

192 2382 358 2417 ROSSM.!
395 2383 479 2418 Pico
504 2382 610 2418 Jarro
636 2383 671 2417 in
696 2383 861 2418 Serrania
887 2384 929 2418 de
955 2385 1080 2420 Ronda
1105 2385 1149 2419 ad
1175 2385 1235 2420 alt.
1262 2388 1450 2431 4—5000‘,
1478 2386 1604 2432 WK),
1629 2398 1707 2422 cum
1731 2387 1846 2422 forma

193 2441 246 2470 m,
283 2439 374 2473 quae
411 2429 456 2464 ad
488 2430 591 2464 6000‘
626 2440 736 2473 usque
771 2431 971 2476 adscendit3
1010 2443 1045 2476 ρ’.
1072 2443 1126 2476 pr.
1152 2432 1331 2477 Aranjuez
1354 2433 1552 2478 (BOUT.!),
1577 2434 1612 2469 in
1637 2433 1766 2470 montis
1791 2434 1844 2468 La
1908 2444 1911 2445 ⁷

191 2475 290 2511 Mola
313 2476 544 2511 Catalauniae
571 2487 705 2511 summo
725 2477 810 2520 jugo
837 2477 954 2522 (WK.)
981 2483 1015 2513 et
1041 2478 1136 2514 alibi.
1164 2499 1205 2503 —
1232 2484 1281 2520 Q).
1308 2479 1551 2526 Febr.—Apr.
1578 2481 1620 2525 (v.
1646 2481 1703 2526 v.).

240 2533 333 2568 Hab.
371 2543 465 2578 spec.
501 2534 538 2568 in
563 2533 711 2578 Europa
747 2535 836 2569 med.
875 2540 911 2570 et
935 2535 1083 2570 australi
1107 2540 1183 2571 tota
1208 2537 1252 2571 ab
1277 2537 1410 2581 Anglia
1433 2544 1468 2573 et
1492 2537 1618 2574 Suecia
1650 2538 1773 2572 merid.
1799 2537 1843 2572 ad

193 2578 318 2625 Lusit„
344 2580 500 2624 Balear.,
524 2580 618 2626 Ital.,
643 2580 830 2616 Graeciam
855 2586 890 2617 et
915 2582 1082 2616 Tauriam
1108 2594 1230 2627 usque,
1256 2584 1291 2618 in
1316 2584 1405 2621 Asia
1428 2585 1508 2620 min.
1536 2592 1571 2620 et
1595 2585 1670 2620 Afr.
1696 2585 1842 2619 boreali.

239 2673 342 2707 4636.
374 2676 426 2707 H.
451 2675 740 2714 Aragonensis
766 2673 882 2709 LOSC.
908 2674 1038 2708 PARD.
1063 2685 1119 2719 ap.
1145 2674 1262 2710 LOSC.
1290 2677 1391 2712 Trat.
1417 2677 1460 2712 de
1484 2678 1595 2722 plant.
1620 2676 1663 2710 de
1687 2676 1842 2719 Aragon.

149 2717 367 2764 (1877—78)
392 2732 427 2764 p.
456 2721 515 2755 18!
556 2719 613 2763 (H.
640 2725 789 2764 petraea
824 2733 854 2755 v.
892 2721 1135 2764 Aragonensis
1172 2722 1289 2758 LOSG.
1315 2725 1444 2759 PARD.
1471 2724 1543 2759 Ser.
1569 2723 1706 2768 imperf.
1733 2724 1785 2757 ed.
1813 2724 1841 2768 I,

147 2766 271 2814 1³:10!
296 2765 350 2800 ed.
376 2767 422 2811 Il,
449 2778 482 2810 p.
498 2767 589 2810 391).
641 2767 876 2802 Praecedenti
902 2768 1093 2812 simillima,
1119 2769 1180 2804 sed
1205 2771 1334 2814 petalis
1360 2772 1552 2815 majoribus
1577 2770 1679 2804 valde
1704 2771 1844 2815 conspi—

147 2819 242 2854 cuis,
285 2812 403 2856 calyce
430 2813 535 2857 duplo
560 2813 775 2857 longioribus
801 2815 872 2849 late
898 2815 1055 2850 obovatis
1080 2820 1115 2850 et
1140 2818 1315 2852 cuneatim
1352 2818 1388 2851 in
1414 2828 1563 2860 unguem
1589 2817 1677 2852 satis
1702 2816 1841 2860 longum

150 2858 352 2908 attenuatis,
377 2860 441 2894 sub
467 2860 565 2894 anth.
590 2861 935 2907 recurvato-patulis,
962 2861 1113 2897 siliculis
1137 2863 1329 2907 majoribus
1354 2864 1474 2909 (ΝΜΗ
1499 2864 1537 2907 1.)
1563 2863 1674 2906 magis
1701 2875 1840 2898 sursum

147 2908 320 2954 cur-vatis,
346 2905 682 2951 ovali—lanceolatis,
720 2919 789 2943 non
815 2908 1068 2952 emarginatis,
1096 2909 1260 2952 stigmate
1285 2911 1340 2945 vix
1364 2910 1554 2956 apiculatis
1580 2910 1841 2954 seminibusque

145 2950 334 3001 majoribus
362 2952 406 2986 ab
438 2952 500 2986 illa
531 2953 621 2988 benc
651 2953 819 2990 distincta
847 2954 995 2991 videtur.
1043 2955 1315 3002 Inquirendum,
1357 2968 1440 2992 num
1478 2962 1664 2993 occurrant
1703 2957 1839 2992 formae

146 2995 376 3030 intermed1ae
399 2998 489 3032 inter
513 2999 605 3034 hanc
632 3001 780 3046 stirpem
808 3007 844 3037 et
867 3012 938 3037 var.
965 3014 1001 3036 a.
1025 3003 1155 3046 speciei
1178 3004 1432 3048 praecedentis.

240 3050 282 3086 In
305 3054 461 3090 arenosis
487 3056 644 3099 regionis
669 3064 820 3095 montan.
848 3060 971 3105 (supra
983 3058 1090 3096 Oleae
1103 3059 1264 3108 limitem)
1288 3061 1489 3107 Aragoniae
1513 3060 1681 3097 australis
1705 3059 1839 3106 passim
