1976 3314
963 134 1056 188 138

156 263 343 298 ceolatisve
369 262 489 307 calyce
515 262 621 307 duplo
646 263 863 307 longioribus
889 264 1025 308 aureis3
1052 263 1241 298 filamentis
1267 263 1412 306 glabris.
1437 264 1596 300 antheris
1622 266 1751 309 aureis,
1779 276 1855 300 car-

155 309 259 354 pellis
285 309 447 390 brgvilbgs
480 309 634 353 glabris,
668 310 860 345 seminibus
893 311 951 345 vix
976 310 1125 353 rugosis.
1153 330 1195 334 —
1224 310 1417 355 Corymbus
1441 317 1523 346 ante
1549 312 1715 347 anthesin
1740 321 1855 346 recur-

155 361 255 391 vatus
282 368 321 391 su
349 366 370 398 g
387 367 405 390 o
434 367 527 391 osus.

295 426 330 448 a.
366 413 654 457 glaucescens
679 413 808 448 GREN.
834 414 926 447 Bull.
953 414 974 447 l.
994 426 1034 456 c.,
1061 414 1220 448 caulibus
1246 413 1411 458 foliisque
1437 414 1563 449 eximie
1589 415 1723 458 glaucis
1750 425 1855 458 saepe

364 460 773 505 argenteo-micantibus,
798 461 892 496 foliis
916 461 1094 504 punctatis
1121 460 1168 503 (S.
1188 460 1217 494 F
1221 461 1454 495 orsterianum
1474 473 1507 495 a.
1532 462 1745 496 CHABOISS.
1764 461 1855 496 Bull.

364 518 433 542 soc.
461 508 530 541 bot.
557 506 616 541 Fr.
642 507 664 540 l.
692 519 720 541 e.
748 519 780 551 p.
807 508 893 542 294!
920 507 955 541 S.
981 506 1241 541 dodecandrum
1266 507 1420 542 POURR.
1447 507 1506 542 hb.
1532 513 1624 543 teste
1649 508 1825 557 TEXID.);

294 566 332 607 β.
365 565 593 600 virescens
619 564 747 599 GREN.
772 564 795 598 l.
815 576 855 608 c.,
881 564 1041 599 caulibus
1066 564 1230 608 foliisque
1248 565 1418 599 viridibus
1444 564 1491 608 (S.
1518 576 1663 600 aureum
1692 566 1850 602 WIRTG.

362 611 416 645 Fl.
444 622 536 655 prov.
565 611 680 646 Rhen.
706 623 740 655 p.
769 612 834 645 184
861 617 896 646 et
922 611 968 656 pl.
996 611 1109 645 Rhen.
1136 611 1214 646 crit.
1241 622 1313 646 exs
1340 623 1372 646 n.
1399 612 1488 655 271).

248 668 285 700 ln
313 668 397 703 locis
424 669 644 713 rupestribus
668 669 894 713 arcnosisque
920 670 1049 713 apricis
1077 669 1230 712 regionis
1262 668 1419 704 inferior.
1453 674 1488 704 et
1518 675 1721 705 montanae:
1760 682 1794 704 a.
1820 672 1854 705 in

206 714 339 749 Gallec.
366 715 424 755 (ad
449 715 679 755 Pontevedra,
705 715 816 757 LGE.,
842 716 909 749 Ria
934 715 990 749 del
1008 716 1135 750 Ferro]
1161 716 1206 750 ad
1231 726 1348 760 rupes,
1374 716 1509 759 PLAN.,
1537 716 1626 761 Tuy,
1650 716 1856 759 Piedrafita,

210 761 377 805 TEXID.),
405 772 512 805 regno
530 762 674 805 Legion.
701 762 933 805 (Villafranca
958 762 1014 796 del
1033 762 1171 804 Vierzo,
1196 762 1230 796 in
1256 762 1399 797 montib.
1418 762 1563 805 Legion.
1581 763 1706 807 frequ.,
1730 763 1858 807 LGE.),

202 808 366 842 Cantabr.
394 808 441 848 (in
468 808 598 843 ditione
624 809 791 852 Liebana,
818 809 1026 852 SCHFSS.!),
1052 814 1199 853 utraque
1226 809 1370 845 Castell.
1396 809 1438 853 (c.
1456 809 1670 853 Valladolid,
1697 809 1855 844 Guadar-

201 865 309 897 rama,
335 855 565 890 Villaviciosa
591 855 633 890 de
651 855 759 897 Odon,
786 856 974 899 Aranjuez,
1002 855 1155 899 TEXID.,
1182 856 1217 889 in
1237 857 1378 890 montib.
1399 856 1538 900 Carpet.
1565 856 1687 900 frequ..
1713 856 1856 901 LGE.!),

202 901 410 935 Extremad.
438 903 504 945 (pr.
525 902 719 944 Plasencia,
746 903 947 945 BOURGA),
973 913 1080 945 regno
1099 902 1244 937 Granat.
1270 903 1406 947 (Sierra
1424 902 1568 937 Nevada
1594 903 1637 937 ad
1660 904 1721 938 alt.
1741 904 1856 948 5000‘,

200 948 304 991 BSS.,
332 948 450 982 Sierra
475 948 516 982 de
545 949 679 991 Maria,
711 949 900 992 BOURG.),
932 949 1045 983 Mure.
1073 949 1206 991 (Sicrra
1232 949 1274 983 (le
1301 950 1450 992 Segura,
1477 950 1656 993 BOURG.).
1705 950 1789 984 Var.
1815 949 1854 990 β.

201 995 235 1028 in
262 994 435 1038 Hispania
461 995 613 1029 nondum
640 996 828 1030 observata
853 1006 930 1030 esse
956 996 1105 1030 videtur.
1135 1016 1175 1020 —
1205 1004 1241 1035 21.
1267 996 1348 1030 Jun.
1375 996 1435 1030 Jul
1474 997 1516 1040 (v.
1543 997 1595 1040 s.).

202 1098 227 1132 C
247 1052 339 1133 Htab.
367 1053 401 1086 in
425 1053 550 1096 Lusit,
576 1053 681 1098 Gall,
706 1053 815 1098 Belg.,
840 1054 1012 1096 Britann.,
1037 1054 1177 1098 Austr.,
1204 1053 1312 1088 Croat
1334 1082 1341 1098 ,
1369 1053 1532 1095 Transs.,
1559 1053 1695 1097 Lomb.,
1722 1053 1854 1098 Pelop.,

230 1109 266 1132 re
286 1110 316 1132 a.

246 1169 263 1201 ‘?
287 1169 389 1202 3248.
438 1170 474 1201 S.
500 1169 704 1202 reflexum
729 1168 770 1202 L.
797 1169 879 1203 Cod.
907 1180 938 1202 n.
967 1171 1077 1204 3353!
1105 1168 1175 1202 GR.
1202 1168 1331 1202 GODR.
1358 1168 1379 1203 l.
1406 1180 1434 1201 C.
1461 1180 1494 1212 p.
1523 1170 1607 1202 626!
1636 1168 1706 1203 DC.
1736 1169 1782 1202 Ic.
1808 1167 1853 1211 pl.

154 1225 265 1256 grass.
289 1219 314 1249 t.
346 1216 419 1256 116,
447 1214 570 1249 ROHB.
598 1215 644 1249 Ic.
671 1216 746 1249 crit.
775 1215 840 1255 ΙΙΙ,
867 1221 889 1250 t.
917 1217 1005 1250 296!
1033 1216 1082 1249 Cf.
1102 1215 1192 1249 Bull.
1212 1226 1281 1249 soc.
1301 1216 1368 1248 bot.
1391 1215 1449 1248 Fr.
1468 1215 1511 1258 X,
1538 1227 1570 1259 p.
1598 1216 1683 1249 295!
1724 1214 1854 1249 Differt

153 1272 174 1294 a
207 1261 369 1304 praeced.
403 1272 480 1294 cum
515 1271 555 1295 eo
587 1261 714 1296 iterum
747 1268 853 1305 atque
883 1262 1013 1295 iterum
1048 1267 1260 1296 commutato
1298 1261 1390 1295 foliis
1426 1261 1625 1305 cylindricis
1661 1261 1854 1295 linearibus

155 1308 389 1349 mucronatis,
416 1308 450 1341 in
477 1308 628 1343 surculis
654 1309 860 1353 plerumque
886 1309 1059 1352 elongatis
1086 1309 1176 1343 laxis
1203 1308 1336 1352 sparsis
1362 1320 1390 1341 v.
1418 1307 1580 1352 reflexis,
1608 1308 1738 1352 sepalis
1764 1319 1853 1342 mar-

156 1353 235 1396 gine
253 1355 459 1389 incrassatis
479 1366 542 1389 nec
560 1355 686 1399 planis,
712 1355 787 1389 basi
804 1355 1064 1389 filamentorum
1083 1356 1388 1399 carpellorurnque
1414 1355 1506 1388 iacie
1531 1355 1671 1389 interna
1696 1355 1854 1398 hyalino-

156 1401 326 1444 pilosula,
353 1401 544 1435 seminibus
570 1401 672 1435 valde
697 1402 844 1444 rugosis.
871 1421 913 1426 ——
941 1402 1044 1436 Folia
1067 1402 1192 1445 glauca
1217 1407 1278 1436 aut
1309 1401 1452 1441 viridia,
1487 1402 1607 1445 petala
1632 1402 1854 1445 staminaque

158 1457 277 1492 aurea,
304 1458 425 1492 cymae
451 1453 486 1483 et
510 1448 652 1482 habitus
676 1448 932 1492 praecedentis.

246 1506 286 1538 In
311 1505 397 1539 locis
423 1506 642 1550 rupestribus
668 1506 798 1548 region.
824 1506 978 1540 inferior.
1004 1511 1039 1540 et
1063 1510 1169 1540 mont.
1198 1505 1428 1539 Catalauniae
1460 1505 1680 1547 (Set-Casas,
1707 1505 1853 1546 CARssc'),

200 1552 343 1596 Pyren.,
379 1552 536 1595 COLM.),
572 1553 725 1593 Aragon.
761 1552 871 1596 (infra
896 1553 974 1587 Pto.
1008 1552 1050 1586 de
1075 1552 1279 1595 Benasque,
1316 1551 1470 1595 ZETT.),
1506 1557 1653 1595 utraque
1679 1552 1770 1586 Cast.
1807 1552 1850 1592 (c.

202 1599 391 1642 Aranjuez,
419 1598 694 1643 Ciempozuelos,
720 1609 763 1632 en
788 1599 822 1632 la
847 1599 1023 1643 Alcarria,
1048 1599 1084 1632 in
1110 1599 1253 1633 montib.
1280 1598 1491 1642 Carpetanis
1517 1610 1545 1632 c.
1571 1598 1703 1632 Paular
1727 1597 1769 1632 de
1795 1596 1854 1632 Se-

200 1645 312 1687 govia,
337 1645 442 1679 Avila
468 1650 533 1679 etc.
559 1656 601 1679 ex
628 1645 780 1688 COLM.),
807 1645 929 1681 Astur.
956 1645 1108 1689 (Gangas
1133 1645 1175 1679 de
1201 1645 1328 1687 Tineo,
1354 1645 1390 1679 in
1415 1645 1505 1679 valle
1530 1645 1699 1689 Naviego,
1725 1644 1852 1688 DUR.),

200 1692 335 1726 Gallec.
363 1692 465 1736 (Tuy,
492 1692 671 1726 BUSTAM.
698 1703 740 1726 ex
767 1692 936 1736 TEXID.).
963 1712 1007 1716 «-
1036 1700 1071 1731 ιι.
1097 1692 1207 1735 Majo.
1232 1691 1338 1726 Junio
1364 1692 1410 1732 (n.
1436 1692 1494 1735 v.).

243 1751 332 1785 Hah.
360 1751 395 1784 in
414 1751 539 1791 Lusit,
565 1751 665 1794 Brit,
691 1750 796 1786 Gall..
823 1751 969 1795 Europa
993 1750 1109 1784 media
1132 1751 1235 1792 omni,
1261 1749 1394 1793 Gothi,
1421 1749 1595 1793 Norweg.,
1622 1749 1712 1784 Ital..
1738 1748 1848 1786 Sard..

198 1797 305 1832 Sicil..
332 1797 460 1841 Dalm,
487 1797 631 1831 Turcia.

245 1854 420 1889 Observ.
470 1855 584 1889 Valde
616 1865 756 1898 vereor,
790 1854 872 1898 quin
905 1854 1035 1898 stirpes
1068 1864 1089 1887 a
1118 1852 1294 1887 botanicis
1327 1852 1522 1896 hispanicis
1549 1851 1593 1886 ad
1618 1852 1651 1885 S.
1679 1851 1850 1886 reflexum

197 1907 258 1935 aut
284 1907 447 1945 rupestre
468 1902 520 1938 L..
548 1901 639 1945 quod
664 1902 779 1945 ipsum
805 1913 873 1936 non
899 1901 967 1934 nisi
992 1901 1025 1934 S.
1053 1899 1177 1934 reflexi
1202 1900 1324 1937 forma,
1352 1899 1483 1933 relatas
1509 1898 1553 1932 ad
1579 1899 1671 1932 hanc
1697 1899 1851 1943 speciem

201 1947 236 1980 in
262 1947 407 1992 Europa
430 1948 547 1982 media
573 1948 789 1991 divulgatam
822 1948 1034 1993 pertineant.
1084 1946 1284 1990 Specimina
1318 1945 1435 1979 omnia
1460 1956 1499 1979 ex
1525 1945 1698 1989 Hispania
1731 1956 1853 1990 proce-

199 1993 317 2028 dentia
335 2000 370 2029 et
388 1995 451 2029 sub
472 1996 503 2029 S.
524 1994 644 2028 reflexi
664 2007 689 2029 s.
710 1995 882 2039 rupestris
907 1994 1047 2028 nomine
1068 2004 1202 2026 mecum
1229 1992 1485 2026 communicata
1509 1997 1571 2026 aut
1593 1992 1637 2026 ad
1661 1992 1693 2026 S.
1712 1992 1852 2035 pruina-

197 2045 271 2074 tum
297 2047 357 2076 aut
382 2041 426 2075 ad
452 2041 483 2075 S.
511 2041 720 2076 altissimum
747 2042 937 2086 pertinent.
987 2039 1037 2074 Cf.
1065 2040 1170 2074 etiam
1202 2038 1431 2072 animadvers.
1465 2038 1616 2073 amiciss.
1643 2038 1790 2073 LANGE
1815 2039 1851 2072 in

199 2098 280 2131 pug.
308 2100 342 2132 p.
371 2090 457 2122 214!

428 2190 462 2224 b.
497 2189 601 2225 Folia
626 2191 770 2234 obtusa,
797 2190 943 2226 folliculi
969 2189 1200 2233 divergentes.
1239 2188 1381 2233 Species
1407 2189 1571 2224 humiles.

247 2259 349 2292 3249.
400 2261 437 2292 S.
464 2261 742 2299 sexangulam
767 2258 808 2291 L.
836 2259 919 2293 Cod.
947 2270 978 2292 n.
1006 2260 1114 2292 3358!
1154 2257 1205 2291 Cf.
1232 2257 1322 2290 Bull.
1357 2269 1424 2292 soc.
1452 2257 1511 2290 Fr.
1537 2257 1585 2299 X,
1612 2269 1643 2301 p.
1670 2259 1758 2291 252!
1800 2258 1850 2302 (S.

153 2304 364 2338 Boloniense
390 2305 496 2339 LOIS.
523 2305 603 2339 Not.
631 2307 692 2348 71,
730 2305 800 2339 GR.
827 2305 957 2339 GODR.
985 2305 1005 2339 l.
1032 2316 1060 2338 c.
1097 2316 1131 2348 p.
1159 2306 1245 2338 626!
1282 2304 1384 2338 Mor.
1413 2304 1463 2337 Fl.
1490 2304 1531 2337 fr.
1558 2309 1581 2338 t.
1612 2305 1677 2341 19).
1729 2304 1849 2338 Multi-

153 2351 264 2394 caule,
291 2351 545 2395 caespitosurn,
570 2352 664 2386 foliis
690 2352 840 2385 caulium
867 2351 1157 2394 surculorumque
1184 2349 1530 2394 lineari-cylindricis
1555 2350 1629 2385 basi
1657 2351 1852 2386 rotundatis
1896 2396 1899 2397 .

152 2397 402 2442 paululumque
428 2397 625 2441 productis,
651 2398 751 2432 valde
777 2398 1053 2442 approximatis,
1080 2397 1269 2432 sexfariam
1296 2397 1500 2436 imbricatis,
1525 2397 1686 2432 caulibus
1711 2397 1852 2430 humili-

152 2445 229 2485 bus,
255 2445 369 2477 2-6”
391 2445 411 2477 l.
438 2444 734 2479 adscendentibus
759 2445 943 2484 erectisve,
971 2445 1080 2489 cymis
1106 2444 1316 2478 dichotomis
1343 2443 1513 2478 laxifloris
1538 2444 1745 2485 bracteatis,
1771 2444 1852 2478 laxe

154 2491 387 2535 corymbosis;
421 2489 566 2526 floribus
591 2490 964 2535 brevepedunculatis,
991 2491 1122 2535 sepalis
1148 2489 1351 2534 cylindricis
1377 2491 1530 2530 obtusis,
1556 2490 1686 2534 petalis
1712 2491 1853 2525 lineari—

153 2537 360 2572 lanceolatis
385 2538 498 2572 acutis
526 2537 657 2582 patulis
683 2538 802 2581 calyce
828 2537 934 2582 duplo
961 2538 1186 2581 longioribus,
1211 2535 1330 2579 flavis,
1358 2537 1518 2571 antheris
1543 2536 1660 2581 flavis,
1686 2537 1852 2581 carpellis

153 2584 255 2625 longe
281 2584 489 2619 acuminatis
514 2583 589 2618 basi
618 2594 686 2617 non
712 2584 879 2627 gibbosis,
905 2584 1096 2618 seminilms
1121 2583 1364 2618 tuberculatis.

246 2642 286 2676 In
318 2642 405 2676 locis
436 2642 662 2687 rupestribus
690 2642 901 2676 Cantabriae
936 2643 1002 2687 (pr.
1029 2642 1062 2676 S.
1089 2641 1294 2685 Sebastian,
1320 2641 1434 2685 LGE.)
1468 2646 1503 2676 et
1528 2640 1711 2675 Catalaun.
1738 2640 1852 2684 (Mon-

202 2694 327 2731 serrat,
353 2689 537 2733 Monseny,
564 2689 696 2732 SALV.,
722 2688 865 2732 CSTA.).
893 2708 935 2713 —
965 2697 1000 2728 zi.
1026 2688 1108 2722 Jun.
1134 2688 1206 2722 Jul.
1234 2688 1279 2731 (n.
1303 2688 1360 2731 xm).

247 2747 336 2781 Hab.
362 2747 398 2781 in
422 2746 526 2789 GalL,
552 2747 662 2790 Belg„
687 2747 823 2791 Batav„
849 2747 951 2785 Dan..
977 2746 1107 2790 Germ,
1132 2746 1305 2780 Helvetia.

249 2817 351 2849 3250.
401 2818 438 2849 S.
466 2826 559 2850 acre
586 2815 627 2850 L.
654 2815 736 2849 Cod.
762 2826 794 2849 n.
820 2816 929 2850 3357!
957 2814 1028 2848 GR.
1055 2813 1184 2849 GODR.
1210 2814 1232 2848 1.
1259 2825 1289 2849 c.
1316 2827 1349 2859 p.
1376 2815 1463 2848 625!
1492 2812 1562 2847 DC.
1589 2812 1636 2846 Ic.
1662 2812 1708 2856 pl.
1736 2821 1849 2854 grass.

156 2866 179 2895 t.
210 2863 287 2905 117,
322 2861 471 2896 ΗΑΥΝΕ
498 2862 543 2896 Ic.
571 2863 617 2906 pl.
645 2861 735 2896 offic.
761 2861 795 2902 Ι,
821 2866 846 2896 t.
877 2863 934 2896 15!
984 2861 1173 2903 Glabrum,
1199 2861 1300 2895 valde
1325 2871 1423 2904 acre,
1450 2860 1542 2894 laete
1567 2858 1701 2901 virens,
1736 2857 1850 2891 rhizo-

155 2912 248 2941 mate
285 2909 525 2943 ramosissimo
566 2909 725 2943 surculos
766 2908 953 2951 caulesque
998 2918 1201 2942 numerosos
1239 2907 1431 2951 caespitem
1473 2905 1618 2940 densum
1659 2904 1851 2939 formantes

156 2953 292 2999 edente,
320 2955 469 2989 surculis
493 2955 721 2999 caulibusque
745 2955 822 2990 basi
845 2954 946 2989 nudis
971 2964 1122 2998 superne
1147 2954 1300 2998 foliosis;
1325 2953 1418 2988 foliis
1444 2952 1578 2997 sparsis
1602 2951 1704 2985 valde
1730 2961 1850 2985 succu-

155 3000 261 3036 lentis
285 3001 395 3037 ovatis
419 3001 555 3037 obtusis
578 3002 657 3037 basi
689 3001 888 3037 rotundatis
922 3000 1063 3047 solutis,
1099 3011 1210 3046 supra
1242 2999 1473 3045 compressis,
1507 2999 1543 3032 in
1568 2998 1717 3034 surculis
1742 2997 1851 3032 dense
