1976 3314
891 144 989 189 497

84 264 141 299 vix
166 263 302 310 bifidis,
337 263 476 299 demum
500 263 785 309 conniventibus,
821 263 968 310 capsula
992 264 1228 310 subglobosa‚
1252 265 1427 310 profunde
1451 266 1660 313 trisulcata,
1685 270 1800 306 coccis

82 309 187 346 dorso
212 310 423 357 rotundatis,
448 310 625 356 laevibus;
662 311 855 347 seminibus
880 311 1002 357 fuscis,
1028 311 1195 356 ovoideis,
1220 312 1574 361 reticulato-favosis,
1606 316 1800 352 caruncula

83 357 177 403 alba,
203 363 407 395 transverse
433 358 536 404 ovali,
566 357 642 392 fere
666 358 841 394 verticali.

225 429 264 472 β.
292 428 431 473 major
455 427 567 473 LGE.,
591 428 679 472 Pug.
704 440 738 474 p.
764 430 850 465 3211
900 428 1119 471 Perennans,
1151 429 1319 475 robusta,
1356 430 1673 478 1—11s2—pedalis,
1706 432 1802 470 foliis

298 475 395 512 ultra
418 475 584 521 pollicem
611 475 735 519 longis.

185 545 228 580 In
261 546 374 592 agris,
411 546 603 590 glareosis,
637 545 814 582 ruderatis
839 546 950 582 totius
975 546 1172 592 Hispaniae
1198 545 1377 590 frequens.
1414 567 1456 572 —
1496 546 1535 590 β,
1572 547 1609 583 in
1634 547 1802 583 Cantabr.

140 592 281 637 (Bilbao
306 592 372 628 loc.
398 593 515 638 cultis,
542 592 617 629 Oct.
643 604 672 629 c.
696 592 732 628 fl.
759 598 795 629 et
819 592 875 638 fr.,
900 593 1045 638 LGE.!).
1076 614 1113 617 —
1147 596 1201 636 Ε).
1237 593 1317 629 Tot.
1342 604 1423 629 ann.
1465 595 1510 638 (v.
1534 595 1592 640 v.).
1644 593 1802 630 »Leche-

136 645 280 675 trezna«
309 639 434 682 Catal.,
468 640 646 685 »Lletera‚
670 639 890 676 Lleterola».

185 697 277 733 Hab.
302 698 340 732 in
364 698 512 744 Europa
536 698 650 743 omni,
675 698 765 735 Asia
788 697 921 742 occid.‚
947 698 1025 733 Afr.
1050 698 1143 743 bor.,
1170 698 1236 735 ins.
1263 693 1408 741 Canar„
1440 698 1515 734 Ind.
1542 709 1611 746 or.,
1635 698 1803 745 Japonia.

186 790 291 824 4050.
339 792 386 825 E.
414 792 750 832 helioscopoides
785 790 903 826 LOSO.
930 794 965 825 et
989 790 1119 825 PARD.
1153 790 1228 827 Ser.
1263 790 1393 826 inconf.
1428 791 1539 836 Arag.
1570 803 1605 837 p.
1630 791 1693 826 93!
1743 790 1801 836 (E.

91 834 293 882 Helioscop.
321 836 359 878 β.
397 837 468 872 DC.
503 837 628 873 Prodr.
663 837 686 872 l.
711 849 742 872 c.
773 849 808 883 p.
835 837 963 882 12671)
1011 837 1140 873 Differt
1177 848 1199 872 a
1231 837 1395 882 praeced.
1427 843 1566 874 statura
1598 837 1799 882 humiliore,

92 882 251 918 caulibus
278 883 464 929 debilibus,
489 876 996 929 prostrato—adscendentibus,
1020 883 1115 919 foliis
1140 884 1336 921 minoribus
1361 890 1398 920 et
1419 886 1603 922 obscurius
1621 885 1804 930 viridibus,

91 930 193 975 stylis
229 929 274 966 ad
299 931 452 966 medium
477 941 587 975 usque
613 931 818 976 bipartitis,
856 932 965 967 ramis
996 931 1259 975 divergentibus
1285 932 1426 968 demum
1450 933 1578 977 rectis,
1611 931 1803 968 seminibus

91 976 201 1023 duplo
226 977 421 1014 minoribus
447 988 552 1022 quam
575 978 752 1023 praeced,
778 979 972 1014 caruncula
996 978 1188 1014 destitutis.

184 1036 227 1070 In
260 1036 395 1072 saxosis
430 1037 633 1080 Aragoniae
666 1036 771 1083 (valle
806 1036 849 1072 de
883 1036 957 1072 Sta.
983 1037 1102 1072 Maria
1125 1048 1178 1082 pr.
1205 1036 1386 1082 Chiprana
1408 1037 1545 1082 frequ.,
1581 1037 1803 1074 Castelseras

138 1083 332 1129 rarissime,
357 1083 520 1129 LOSO.!).
547 1103 591 1108 —
623 1087 677 1127 O.
724 1084 813 1130 Apr.
861 1084 904 1129 (v.
929 1083 972 1129 s.)

207 1199 283 1244 †††
324 1199 532 1237 Glanduzae
555 1199 738 1236 involucri
760 1199 997 1236 semilunatae
1020 1199 1168 1245 saepius
1193 1199 1296 1246 lonae
1319 1200 1356 1235 2·
1370 1199 1419 1245 (v.
1437 1200 1492 1244 4-)
1508 1202 1694 1236 cornutae.

482 1282 501 1304 ’¹‘
550 1281 719 1317 Semina
750 1281 1041 1318 tuberculata
1071 1294 1101 1317 v.
1133 1281 1361 1318 muricata.

182 1363 287 1397 4051.
336 1364 382 1397 Ε.
410 1364 566 1404 exigua
589 1360 631 1399 L.
658 1361 742 1397 Cod.
768 1362 878 1399 3525!
917 1363 989 1398 DC.
1015 1362 1142 1398 Prodr.
1167 1362 1190 1399 1.
1215 1373 1246 1398 c.
1271 1374 1304 1408 p.
1327 1362 1413 1399 1391
1455 1361 1585 1398 GODR.
1610 1366 1647 1398 et
1671 1361 1803 1397 GREN.

88 1409 111 1444 1.
131 1420 160 1444 c.
185 1422 220 1454 p.
245 1410 309 1445 91!
350 1409 406 1444 Fl.
432 1409 524 1444 Dan.
550 1409 623 1445 tab.
649 1411 734 1445 5921
784 1409 911 1446 RCHB.
944 1410 966 1445 l.
991 1421 1021 1446 c.
1056 1409 1114 1454 fig.
1142 1411 1256 1445 4777!
1304 1408 1544 1455 Glaberrima,
1583 1409 1736 1454 simplex
1771 1420 1802 1444 v.

89 1456 321 1499 multicaulis,
348 1456 450 1492 caule
474 1457 583 1500 tenui,
609 1462 727 1492 erecto
752 1468 782 1492 v.
808 1457 1064 1500 adscendente,
1094 1458 1211 1491 2-8”
1236 1457 1276 1501 1.;
1313 1456 1408 1492 foliis
1433 1457 1582 1492 caulinis
1607 1456 1802 1492 linearibus

87 1504 201 1539 acutis
226 1516 256 1539 v.
281 1503 588 1539 lineari-cuneatis
613 1504 749 1539 obtusis
773 1516 805 1540 v.
831 1505 1025 1550 truncatis,
1059 1504 1315 1548 integerrimis,
1354 1503 1530 1538 umbellae
1560 1502 1671 1539 radiis
1697 1504 1802 1549 2—5,

88 1550 397 1595 repetito-bifidis,
435 1551 494 1586 fol.
529 1550 786 1586 umbellaribus
821 1556 856 1586 et
889 1550 1074 1586 floralibus
1108 1561 1127 1585 e
1162 1551 1240 1586 basi
1270 1550 1394 1585 latiore
1419 1550 1636 1586 subcordata
1661 1550 1803 1585 lineari-

88 1598 300 1632 lanceolatis
318 1597 452 1643 acutis3
478 1597 651 1632 involucri
669 1597 841 1633 turbinati
858 1597 1035 1641 glandulis
1059 1597 1177 1640 luteis,
1204 1597 1489 1638 semilunaribus,
1515 1597 1663 1642 capsula
1686 1602 1802 1643 ovata,

87 1645 294 1688 trisulcata,
320 1644 411 1679 laevi
435 1656 463 1679 v.
492 1643 595 1679 dorso
620 1644 858 1680 minutissime
883 1645 1089 1690 granulata3
1130 1644 1324 1680 seminibus
1348 1644 1656 1688 albido-cinereis,
1689 1649 1800 1680 tetra·

87 1691 365 1737 gono-ovalibus,
392 1691 500 1726 dense
524 1691 758 1726 tuberculatis
782 1703 812 1726 v.
839 1691 1072 1737 muriculatis,
1097 1691 1288 1727 caruncula
1313 1691 1495 1737 depressa,
1520 1691 1712 1727 reniformi.

229 1754 268 1797 β.
297 1760 448 1790 retusa
472 1754 529 1790 L.!
557 1755 615 1800 (E.
641 1759 762 1791 retusa
788 1754 886 1790 CAV.
914 1755 963 1790 Ic.
989 1755 1017 1800 I,
1041 1755 1114 1791 tab.
1140 1754 1196 1801 34,
1220 1755 1280 1800 fig.
1299 1757 1336 1791 11
1363 1755 1449 1791 excl.
1475 1754 1642 1800 descript.
1666 1767 1701 1801 p.
1720 1755 1798 1800 21);

299 1802 456 1837 BOURG.
482 1812 556 1837 exs.
585 1803 688 1847 18517
713 1813 746 1837 n.
768 1803 875 1837 1479!
909 1802 952 1838 L.
969 1802 1067 1838 DUF.
1093 1802 1130 1838 in
1153 1802 1247 1838 Bull.
1273 1813 1344 1850 soc.
1363 1803 1434 1839 bot.
1452 1802 1513 1839 Fr.
1533 1803 1634 1850 1860,
1652 1814 1685 1848 p.
1697 1802 1800 1848 4431)

298 1849 393 1885 foliis
418 1849 520 1894 apice
545 1849 675 1884 retusis
700 1860 730 1885 v.
756 1849 941 1886 truncatis.

231 1924 267 1958 3²·
297 1912 598 1957 tricuspidata
622 1911 745 1948 KOOH
769 1912 851 1958 Syn.
876 1925 910 1958 p.
937 1914 1024 1949 7311
1066 1912 1160 1948 foliis
1193 1912 1296 1957 apice
1328 1911 1510 1957 dilatatis,
1541 1911 1798 1958 tricuspidatis.

297 1960 423 1996 RCHB.
450 1960 472 1995 l.
498 1971 528 1995 c.
552 1959 612 2004 fig.
636 1961 731 1995 4778
756 1960 864 2006 (nom.
891 1960 936 1998 E.
960 1960 1129 2006 retusae),
1153 1959 1283 1995 BARR.
1308 1959 1357 1995 Ic.
1381 1961 1444 1996 851

179 2031 222 2066 In
248 2031 343 2076 agris
368 2032 460 2066 inter
485 2034 636 2074 segetes,
661 2031 808 2076 campis,
834 2031 1043 2075 graminosis
1069 2041 1134 2076 per
1156 2041 1295 2066 omnem
1319 2030 1533 2076 Hispaniam
1556 2029 1735 2075 frequens.
1752 2049 1796 2054 —

134 2078 176 2120 β.
203 2089 282 2113 cum
307 2084 392 2124 typo
417 2078 531 2113 minus
557 2077 743 2122 frequens:
781 2078 817 2112 in
841 2078 991 2114 Navarr.
1018 2077 1073 2123 (L.
1100 2077 1225 2122 DUF.),
1251 2078 1360 2122 Arag.
1388 2077 1634 2122 (Castelseras,
1660 2076 1798 2113 Losa!

136 2125 280 2161 Castell.
307 2126 430 2170 (Cerro
457 2135 578 2168 negro,
606 2124 742 2168 COLM.,
767 2125 959 2170 Aranjuez,
984 2125 1153 2169 BOUT.!)‚
1180 2124 1328 2169 Val.(L.
1348 2125 1473 2169 ΒΗΚ),
1497 2125 1612 2159 Murc.
1633 2124 1797 2169 (Murcia,

133 2172 297 2217 GUIR.!),
340 2172 441 2207 Baet.
464 2171 587 2216 (Cerro
612 2171 822 2216 Zumbalejo
848 2183 898 2217 pr.
922 2172 1036 2216 Jaen,
1071 2171 1192 2207 Sierra
1216 2172 1361 2217 Elvira,
1394 2172 1507 2208 LGE.l
1548 2171 1655 2207 Jerez
1683 2170 1726 2206 de
1756 2170 1794 2206 la

133 2219 270 2264 Front.,
297 2219 439 2263 WK.!);
465 2238 510 2244 —
548 2231 585 2263 2³.
613 2219 649 2253 in
674 2218 775 2254 Baet.
801 2219 908 2262 (inter
933 2224 1088 2265 segetes,
1113 2219 1355 2255 SCHROUSB.!
1389 2219 1568 2265 Cordoba,
1607 2218 1728 2254 Sierra
1752 2217 1796 2252 de

133 2266 293 2310 Alfacar,
319 2265 463 2309 LGE.!).
490 2285 534 2290 —
559 2269 610 2307 Θ.
659 2265 897 2311 Apr.—Sept.
947 2267 990 2311 (v.
1015 2266 1062 2310 v.)
1518 2276 1523 2280 ·

179 2324 271 2360 Hab.
298 2325 334 2359 in
358 2324 507 2370 Europa
530 2328 617 2370 tota,
642 2324 811 2368 Caucaso,
837 2324 950 2370 Syria,
974 2324 1099 2360 Africa
1122 2325 1209 2368 bon,
1235 2324 1303 2361 ins.
1329 2323 1456 2360 Canar.

181 2393 360 2430 Observ.
389 2396 420 2428 1.
469 2393 510 2428 In
544 2393 794 2439 speciminibus
825 2394 1031 2440 Hispanicis
1063 2393 1250 2439 capsulam
1281 2404 1351 2429 non
1380 2393 1519 2429 omnino
1543 2389 1694 2429 laevem.
1733 2390 1796 2428 sed

134 2441 278 2486 saepius
302 2440 406 2476 dorso
430 2441 655 2485 granulatam
678 2441 808 2477 inveni.

180 2498 357 2534 Observ.
383 2500 416 2533 2.
466 2499 633 2534 Formam
659 2499 896 2544 singularem,
930 2498 1195 2534 inflorescentia
1218 2497 1255 2532 in
1279 2507 1397 2533 ramos
1422 2496 1685 2532 unilateraliter
1709 2494 1795 2540 (cin-

135 2546 291 2590 cinnato)
317 2556 490 2591 cymosos,
516 2545 623 2581 dense
647 2545 790 2582 foliatos
816 2545 941 2589 soluta,
965 2545 1061 2581 foliis
1085 2544 1270 2580 floralibus
1295 2544 1486 2590 oppositis,
1511 2543 1653 2588 oblique
1677 2546 1794 2578 ovato-

135 2593 301 2638 ellipticis
324 2592 442 2627 inveni
466 2593 503 2626 in
527 2593 669 2628 ericetis
693 2593 869 2628 montanis
894 2593 940 2628 ad
966 2593 1002 2627 la
1027 2592 1178 2627 Corufia.

180 2651 239 2687 Ob
252 2662 361 2687 serv.
389 2653 421 2686 3.
463 2651 594 2686 Forma
618 2655 751 2697 retusa,
775 2661 798 2686 a
822 2651 916 2687 beat.
941 2651 1117 2686 DUFOUR
1141 2650 1272 2695 optime
1299 2648 1488 2692 descripta,
1514 2645 1610 2681 haud
1628 2644 1793 2691 specifice

136 2699 180 2734 ab
206 2699 251 2733 E.
276 2699 404 2742 exigua
428 2698 548 2743 typice
574 2697 743 2733 distincta
767 2708 846 2734 esse
871 2698 1020 2744 videtur,
1045 2708 1126 2732 nam
1151 2701 1294 2742 praeter
1317 2695 1403 2730 folia
1428 2703 1547 2729 omnes
1569 2692 1796 2729 characteres

135 2755 157 2780 a
181 2745 355 2781 Dufourio
381 2745 483 2780 allati
508 2745 584 2779 fere
608 2749 732 2780 exacte
766 2745 803 2779 in
827 2745 871 2780 E.
897 2745 1062 2789 exiguam
1087 2754 1225 2789 quoque
1250 2741 1437 2787 quadrant.
1483 2739 1527 2774 E.
1553 2744 1673 2775 retusa
1696 2739 1794 2794 Οᾼν.

137 2793 218 2836 (11011
244 2792 413 2837 FORSK.)
441 2803 510 2827 sec.
525 2792 653 2827 GODR.
676 2796 710 2826 et
724 2791 853 2827 GREN.
877 2792 914 2827 in
940 2804 992 2837 sp.
1019 2795 1188 2836 sequente
1213 2787 1418 2834 quaerenda
1442 2791 1537 2839 esset
1561 2787 1605 2822 ob
1626 2786 1794 2841 descrlpt.

136 2840 307 2874 seminum
332 2839 427 2884 apud
453 2839 561 2883 CAV.,
587 2838 650 2874 sed
666 2837 781 2882 figura
798 2838 1083 2874 Cavanillesiana
1107 2837 1218 2872 citata
1242 2834 1352 2870 multo
1376 2843 1490 2876 magis
1514 2831 1555 2867 Ε.
1578 2843 1730 2877 emguae
1755 2833 1794 2874 β.

136 2896 239 2929 quam
265 2886 308 2922 E.
335 2887 494 2922 sulcatae
520 2885 645 2922 similis
670 2890 744 2929 est,
776 2885 896 2921 forsan
920 2885 1098 2931 conjicere
1121 2884 1207 2918 licet
1236 2886 1397 2916 autorem
1421 2880 1488 2915 has
1513 2881 1554 2924 2,
1576 2880 1691 2934 ‘am-bo
1715 2880 1794 2916 Ma-

136 2933 213 2968 triti
237 2937 276 3014 ιᾶῐ
299 2933 438 2969 videtur
462 2933 600 2969 mixtim
625 2936 845 2979 crescentes,
875 2932 1156 2975 commiscuisse,
1189 2929 1241 2964 ita
1265 2931 1304 2963 ut
1329 2926 1481 2963 alteram
1505 2925 1682 2973 depinxit,
1707 2927 1795 2964 alte-

136 2989 214 3014 ram
265 2980 440 3026 escripsit.

160 3043 250 3069 Flora
268 3044 431 3076 hispanica.
462 3045 522 3070 111.
1518 3033 1564 3068 32
