<?xml version="1.0" encoding="UTF-8"?>
<!DOCTYPE html PUBLIC "-//W3C//DTD XHTML 1.0 Transitional//EN"
    "http://www.w3.org/TR/xhtml1/DTD/xhtml1-transitional.dtd">
<html xmlns="http://www.w3.org/1999/xhtml" xml:lang="en" lang="en">
 <head>
  <title>
</title>
<meta http-equiv="Content-Type" content="text/html;charset=utf-8" />
  <meta name='ocr-system' content='tesseract 3.04.00' />
  <meta name='ocr-capabilities' content='ocr_page ocr_carea ocr_par ocr_line ocrx_word'/>
</head>
<body>
  <div class='ocr_page' id='page_1' title='image "./prodromusfloraeh03will/prodromusfloraeh03will_0776.png"; bbox 0 0 1976 3314; ppageno 0'>
   <div class='ocr_carea' id='block_1_1' title="bbox 954 138 1050 181">
    <p class='ocr_par' dir='ltr' id='par_1_1' title="bbox 954 138 1050 181">
     <span class='ocr_line' id='line_1_1' title="bbox 954 138 1050 181; baseline 0 -1"><span class='ocrx_word' id='word_1_1' title='bbox 954 138 1050 181; x_wconf 61' lang='lat'>754</span> 
     </span>
    </p>
   </div>
   <div class='ocr_carea' id='block_1_2' title="bbox 195 255 1848 348">
    <p class='ocr_par' dir='ltr' id='par_1_2' title="bbox 195 255 1848 348">
     <span class='ocr_line' id='line_1_2' title="bbox 195 255 1848 305; baseline 0.001 -10"><span class='ocrx_word' id='word_1_2' title='bbox 195 259 284 295; x_wconf 78' lang='lat' dir='ltr'>Sect.</span> <span class='ocrx_word' id='word_1_3' title='bbox 310 260 370 294; x_wconf 89' lang='grc' dir='ltr'>ΙΙ.</span> <span class='ocrx_word' id='word_1_4' title='bbox 418 259 476 293; x_wconf 85' lang='lat' dir='ltr'>Le</span> <span class='ocrx_word' id='word_1_5' title='bbox 482 262 697 303; x_wconf 77' lang='lat' dir='ltr'>ptocram</span> <span class='ocrx_word' id='word_1_6' title='bbox 708 258 751 292; x_wconf 87' lang='lat' dir='ltr'>be</span> <span class='ocrx_word' id='word_1_7' title='bbox 791 258 863 292; x_wconf 90' lang='lat' dir='ltr'>DC.</span> <span class='ocrx_word' id='word_1_8' title='bbox 895 257 919 292; x_wconf 92' lang='grc'>1.</span> <span class='ocrx_word' id='word_1_9' title='bbox 945 269 974 292; x_wconf 92' lang='lat' dir='ltr'>c.</span> <span class='ocrx_word' id='word_1_10' title='bbox 1025 255 1190 292; x_wconf 88' lang='lat' dir='ltr'>Siliculae</span> <span class='ocrx_word' id='word_1_11' title='bbox 1228 257 1397 294; x_wconf 82' lang='lat' dir='ltr'>articulus</span> <span class='ocrx_word' id='word_1_12' title='bbox 1437 258 1584 294; x_wconf 87' lang='lat' dir='ltr'>inferior</span> <span class='ocrx_word' id='word_1_13' title='bbox 1624 258 1848 305; x_wconf 83' lang='lat' dir='ltr'>cylindricus.</span> 
     </span>
     <span class='ocr_line' id='line_1_3' title="bbox 416 302 1231 348; baseline -0.002 -9"><span class='ocrx_word' id='word_1_14' title='bbox 416 305 619 340; x_wconf 87' lang='lat' dir='ltr'>Filamenta</span> <span class='ocrx_word' id='word_1_15' title='bbox 644 305 804 348; x_wconf 84' lang='lat' dir='ltr'>longiora</span> <span class='ocrx_word' id='word_1_16' title='bbox 829 305 974 339; x_wconf 82' lang='lat' dir='ltr'>dentata</span> <span class='ocrx_word' id='word_1_17' title='bbox 998 316 1028 338; x_wconf 92' lang='lat' dir='ltr'>v.</span> <span class='ocrx_word' id='word_1_18' title='bbox 1054 302 1231 338; x_wconf 87' lang='lat' dir='ltr'>edentula.</span> 
     </span>
    </p>
   </div>
   <div class='ocr_carea' id='block_1_3' title="bbox 146 383 1855 1074">
    <p class='ocr_par' dir='ltr' id='par_1_3' title="bbox 146 383 1855 1074">
     <span class='ocr_line' id='line_1_4' title="bbox 241 383 1852 429; baseline 0.002 -9"><span class='ocrx_word' id='word_1_19' title='bbox 241 387 344 420; x_wconf 86' lang='lat'>4587.</span> <span class='ocrx_word' id='word_1_20' title='bbox 395 387 437 420; x_wconf 86' lang='lat' dir='ltr'>C.</span> <span class='ocrx_word' id='word_1_21' title='bbox 462 387 704 420; x_wconf 82' lang='lat' dir='ltr'>reniformis</span> <span class='ocrx_word' id='word_1_22' title='bbox 730 385 850 419; x_wconf 85' lang='lat' dir='ltr'>DESF.</span> <span class='ocrx_word' id='word_1_23' title='bbox 875 384 930 419; x_wconf 89' lang='lat' dir='ltr'>Fl.</span> <span class='ocrx_word' id='word_1_24' title='bbox 948 384 1021 419; x_wconf 91' lang='lat' dir='ltr'>Atl.</span> <span class='ocrx_word' id='word_1_25' title='bbox 1040 384 1086 427; x_wconf 94' lang='lat' dir='ltr'>II,</span> <span class='ocrx_word' id='word_1_26' title='bbox 1112 395 1146 428; x_wconf 89' lang='lat' dir='ltr'>p.</span> <span class='ocrx_word' id='word_1_27' title='bbox 1165 383 1222 428; x_wconf 91' lang='lat'>78,</span> <span class='ocrx_word' id='word_1_28' title='bbox 1247 387 1271 418; x_wconf 87' lang='lat' dir='ltr'>t.</span> <span class='ocrx_word' id='word_1_29' title='bbox 1292 385 1379 420; x_wconf 82' lang='lat'>151!</span> <span class='ocrx_word' id='word_1_30' title='bbox 1407 387 1446 427; x_wconf 77' lang='grc' dir='ltr'>β.</span> <span class='ocrx_word' id='word_1_31' title='bbox 1472 384 1728 429; x_wconf 86' lang='lat' dir='ltr'>Hispanica</span> <span class='ocrx_word' id='word_1_32' title='bbox 1752 386 1852 423; x_wconf 82' lang='lat' dir='ltr'>LGE.</span> 
     </span>
     <span class='ocr_line' id='line_1_5' title="bbox 149 431 1846 479; baseline 0.002 -14"><span class='ocrx_word' id='word_1_33' title='bbox 149 433 240 476; x_wconf 89' lang='lat' dir='ltr'>(Pug</span> <span class='ocrx_word' id='word_1_34' title='bbox 263 437 297 477; x_wconf 77' lang='lat' dir='ltr'>p‘.</span> <span class='ocrx_word' id='word_1_35' title='bbox 323 432 414 467; x_wconf 86' lang='lat'>275!</span> <span class='ocrx_word' id='word_1_36' title='bbox 451 431 502 475; x_wconf 83' lang='lat' dir='ltr'>(O.</span> <span class='ocrx_word' id='word_1_37' title='bbox 525 431 700 467; x_wconf 87' lang='lat' dir='ltr'>filiformis</span> <span class='ocrx_word' id='word_1_38' title='bbox 726 431 855 467; x_wconf 79' lang='lat' dir='ltr'>BOISS.</span> <span class='ocrx_word' id='word_1_39' title='bbox 882 431 970 476; x_wconf 84' lang='lat' dir='ltr'>Voy.</span> <span class='ocrx_word' id='word_1_40' title='bbox 995 442 1028 475; x_wconf 89' lang='lat' dir='ltr'>p.</span> <span class='ocrx_word' id='word_1_41' title='bbox 1054 431 1116 465; x_wconf 93' lang='lat'>43!</span> <span class='ocrx_word' id='word_1_42' title='bbox 1141 441 1210 464; x_wconf 89' lang='lat' dir='ltr'>non</span> <span class='ocrx_word' id='word_1_43' title='bbox 1234 435 1296 465; x_wconf 87' lang='lat' dir='ltr'>aut</span> <span class='ocrx_word' id='word_1_44' title='bbox 1320 431 1374 466; x_wconf 88' lang='lat' dir='ltr'>vix</span> <span class='ocrx_word' id='word_1_45' title='bbox 1399 431 1529 477; x_wconf 81' lang='lat' dir='ltr'>JAOQ.,</span> <span class='ocrx_word' id='word_1_46' title='bbox 1556 432 1643 467; x_wconf 88' lang='lat' dir='ltr'>WK.</span> <span class='ocrx_word' id='word_1_47' title='bbox 1669 433 1717 477; x_wconf 92' lang='lat' dir='ltr'>pl.</span> <span class='ocrx_word' id='word_1_48' title='bbox 1743 434 1846 479; x_wconf 89' lang='lat' dir='ltr'>Hisp.</span> 
     </span>
     <span class='ocr_line' id='line_1_6' title="bbox 150 476 1849 523; baseline 0.001 -10"><span class='ocrx_word' id='word_1_49' title='bbox 150 480 360 518; x_wconf 81' lang='lat' dir='ltr'>exs.1844,</span> <span class='ocrx_word' id='word_1_50' title='bbox 398 489 430 512; x_wconf 91' lang='lat' dir='ltr'>n.</span> <span class='ocrx_word' id='word_1_51' title='bbox 459 480 550 522; x_wconf 90' lang='lat'>377,</span> <span class='ocrx_word' id='word_1_52' title='bbox 587 478 742 513; x_wconf 82' lang='lat' dir='ltr'>BOURG.</span> <span class='ocrx_word' id='word_1_53' title='bbox 781 478 829 523; x_wconf 89' lang='lat' dir='ltr'>pl.</span> <span class='ocrx_word' id='word_1_54' title='bbox 867 488 938 513; x_wconf 87' lang='lat' dir='ltr'>exs.</span> <span class='ocrx_word' id='word_1_55' title='bbox 974 488 1006 512; x_wconf 93' lang='lat' dir='ltr'>n.</span> <span class='ocrx_word' id='word_1_56' title='bbox 1035 478 1141 512; x_wconf 83' lang='lat'>1052!</span> <span class='ocrx_word' id='word_1_57' title='bbox 1193 476 1228 511; x_wconf 82' lang='lat' dir='ltr'>C.</span> <span class='ocrx_word' id='word_1_58' title='bbox 1270 476 1448 514; x_wconf 87' lang='lat' dir='ltr'>filiformis</span> <span class='ocrx_word' id='word_1_59' title='bbox 1484 478 1715 515; x_wconf 84' lang='lat' dir='ltr'>Granatensis</span> <span class='ocrx_word' id='word_1_60' title='bbox 1756 481 1849 515; x_wconf 85' lang='lat' dir='ltr'>AMO</span> 
     </span>
     <span class='ocr_line' id='line_1_7' title="bbox 148 523 1852 570; baseline 0.002 -11"><span class='ocrx_word' id='word_1_61' title='bbox 148 526 170 559; x_wconf 93' lang='lat' dir='ltr'>l.</span> <span class='ocrx_word' id='word_1_62' title='bbox 197 536 226 560; x_wconf 88' lang='lat' dir='ltr'>c.</span> <span class='ocrx_word' id='word_1_63' title='bbox 251 538 285 570; x_wconf 90' lang='lat' dir='ltr'>p.</span> <span class='ocrx_word' id='word_1_64' title='bbox 310 526 422 569; x_wconf 72' lang='lat'>6422).</span> <span class='ocrx_word' id='word_1_65' title='bbox 470 524 647 563; x_wconf 80' lang='lat' dir='ltr'>Gracilis.</span> <span class='ocrx_word' id='word_1_66' title='bbox 686 525 786 560; x_wconf 81' lang='lat' dir='ltr'>caule</span> <span class='ocrx_word' id='word_1_67' title='bbox 821 529 937 559; x_wconf 88' lang='lat' dir='ltr'>erecto</span> <span class='ocrx_word' id='word_1_68' title='bbox 971 523 1139 567; x_wconf 85' lang='lat' dir='ltr'>angulato</span> <span class='ocrx_word' id='word_1_69' title='bbox 1172 533 1193 558; x_wconf 90' lang='lat' dir='ltr'>a</span> <span class='ocrx_word' id='word_1_70' title='bbox 1225 523 1304 559; x_wconf 89' lang='lat' dir='ltr'>basi</span> <span class='ocrx_word' id='word_1_71' title='bbox 1340 532 1378 560; x_wconf 65' lang='lat' dir='ltr'>v.‘</span> <span class='ocrx_word' id='word_1_72' title='bbox 1404 536 1426 560; x_wconf 87' lang='lat' dir='ltr'>a</span> <span class='ocrx_word' id='word_1_73' title='bbox 1462 526 1577 561; x_wconf 91' lang='lat' dir='ltr'>medio</span> <span class='ocrx_word' id='word_1_74' title='bbox 1601 527 1852 569; x_wconf 86' lang='lat' dir='ltr'>ramosissimo,</span> 
     </span>
     <span class='ocr_line' id='line_1_8' title="bbox 151 570 1852 619; baseline 0.001 -13"><span class='ocrx_word' id='word_1_75' title='bbox 151 573 250 606; x_wconf 86' lang='lat'>1-2¹</span> <span class='ocrx_word' id='word_1_76' title='bbox 276 572 301 606; x_wconf 91' lang='lat' dir='ltr'>l.</span> <span class='ocrx_word' id='word_1_77' title='bbox 318 601 326 615; x_wconf 93' lang='lat'>,</span> <span class='ocrx_word' id='word_1_78' title='bbox 351 572 429 607; x_wconf 90' lang='lat' dir='ltr'>basi</span> <span class='ocrx_word' id='word_1_79' title='bbox 454 572 538 607; x_wconf 88' lang='lat' dir='ltr'>setis</span> <span class='ocrx_word' id='word_1_80' title='bbox 563 570 705 607; x_wconf 82' lang='lat' dir='ltr'>reflexis</span> <span class='ocrx_word' id='word_1_81' title='bbox 729 570 808 616; x_wconf 87' lang='lat' dir='ltr'>plus</span> <span class='ocrx_word' id='word_1_82' title='bbox 834 571 949 606; x_wconf 92' lang='lat' dir='ltr'>minus</span> <span class='ocrx_word' id='word_1_83' title='bbox 973 571 1116 611; x_wconf 85' lang='lat' dir='ltr'>vestito,</span> <span class='ocrx_word' id='word_1_84' title='bbox 1141 570 1249 605; x_wconf 87' lang='lat' dir='ltr'>ramis</span> <span class='ocrx_word' id='word_1_85' title='bbox 1275 570 1448 615; x_wconf 88' lang='lat' dir='ltr'>elongatis</span> <span class='ocrx_word' id='word_1_86' title='bbox 1472 571 1694 609; x_wconf 87' lang='lat' dir='ltr'>filiformibus</span> <span class='ocrx_word' id='word_1_87' title='bbox 1727 574 1852 619; x_wconf 88' lang='lat' dir='ltr'>aphyl-</span> 
     </span>
     <span class='ocr_line' id='line_1_9' title="bbox 149 617 1853 665; baseline 0.001 -12"><span class='ocrx_word' id='word_1_88' title='bbox 149 619 213 663; x_wconf 81' lang='lat' dir='ltr'>lis3</span> <span class='ocrx_word' id='word_1_89' title='bbox 237 618 331 654; x_wconf 88' lang='lat' dir='ltr'>foliis</span> <span class='ocrx_word' id='word_1_90' title='bbox 355 617 976 663; x_wconf 81' lang='lat' dir='ltr'>basilaribuslyrato-pinnatisectis,</span> <span class='ocrx_word' id='word_1_91' title='bbox 1004 617 1301 662; x_wconf 82' lang='lat' dir='ltr'>scabrido-hirtis,</span> <span class='ocrx_word' id='word_1_92' title='bbox 1328 618 1520 663; x_wconf 88' lang='lat' dir='ltr'>praecipue</span> <span class='ocrx_word' id='word_1_93' title='bbox 1538 621 1669 665; x_wconf 81' lang='lat' dir='ltr'>subtus,</span> <span class='ocrx_word' id='word_1_94' title='bbox 1695 631 1853 664; x_wconf 85' lang='lat' dir='ltr'>segmen-</span> 
     </span>
     <span class='ocr_line' id='line_1_10' title="bbox 149 664 1851 711; baseline 0.002 -12"><span class='ocrx_word' id='word_1_95' title='bbox 149 665 194 700; x_wconf 86' lang='lat' dir='ltr'>tis</span> <span class='ocrx_word' id='word_1_96' title='bbox 219 664 464 709; x_wconf 80' lang='lat' dir='ltr'>irregulariter</span> <span class='ocrx_word' id='word_1_97' title='bbox 489 665 665 709; x_wconf 88' lang='lat' dir='ltr'>dentatis,</span> <span class='ocrx_word' id='word_1_98' title='bbox 689 664 897 700; x_wconf 78' lang='lat' dir='ltr'>lateralibus</span> <span class='ocrx_word' id='word_1_99' title='bbox 922 666 1038 709; x_wconf 87' lang='lat'>4-6,</span> <span class='ocrx_word' id='word_1_100' title='bbox 1063 664 1256 699; x_wconf 85' lang='lat' dir='ltr'>minoribus</span> <span class='ocrx_word' id='word_1_101' title='bbox 1280 664 1518 708; x_wconf 84' lang='lat' dir='ltr'>integerrimis</span> <span class='ocrx_word' id='word_1_102' title='bbox 1544 666 1756 711; x_wconf 73' lang='lat' dir='ltr'>interJ&#39;ectis,</span> <span class='ocrx_word' id='word_1_103' title='bbox 1782 674 1851 703; x_wconf 89' lang='lat' dir='ltr'>ter-</span> 
     </span>
     <span class='ocr_line' id='line_1_11' title="bbox 149 710 1853 757; baseline 0.002 -11"><span class='ocrx_word' id='word_1_104' title='bbox 149 712 270 747; x_wconf 90' lang='lat' dir='ltr'>minali</span> <span class='ocrx_word' id='word_1_105' title='bbox 294 713 427 757; x_wconf 88' lang='lat' dir='ltr'>majore</span> <span class='ocrx_word' id='word_1_106' title='bbox 452 712 640 747; x_wconf 87' lang='lat' dir='ltr'>rotundato</span> <span class='ocrx_word' id='word_1_107' title='bbox 656 740 663 753; x_wconf 92' lang='lat'>,</span> <span class='ocrx_word' id='word_1_108' title='bbox 687 711 864 746; x_wconf 89' lang='lat' dir='ltr'>interdum</span> <span class='ocrx_word' id='word_1_109' title='bbox 891 710 1099 755; x_wconf 80' lang='lat' dir='ltr'>sublobato,</span> <span class='ocrx_word' id='word_1_110' title='bbox 1127 710 1186 745; x_wconf 82' lang='lat' dir='ltr'>fol.</span> <span class='ocrx_word' id='word_1_111' title='bbox 1216 711 1457 756; x_wconf 84' lang='lat' dir='ltr'>superioribus</span> <span class='ocrx_word' id='word_1_112' title='bbox 1481 713 1635 749; x_wconf 89' lang='lat' dir='ltr'>minimis</span> <span class='ocrx_word' id='word_1_113' title='bbox 1659 714 1853 750; x_wconf 81' lang='lat' dir='ltr'>linearibus</span> 
     </span>
     <span class='ocr_line' id='line_1_12' title="bbox 148 757 1852 804; baseline 0.002 -11"><span class='ocrx_word' id='word_1_114' title='bbox 148 759 295 802; x_wconf 86' lang='lat' dir='ltr'>integris</span> <span class='ocrx_word' id='word_1_115' title='bbox 320 758 470 803; x_wconf 69' lang='lat' dir='ltr'>glabris,</span> <span class='ocrx_word' id='word_1_116' title='bbox 508 757 655 793; x_wconf 86' lang='lat' dir='ltr'>fioribus</span> <span class='ocrx_word' id='word_1_117' title='bbox 680 758 716 792; x_wconf 91' lang='lat' dir='ltr'>in</span> <span class='ocrx_word' id='word_1_118' title='bbox 740 767 898 792; x_wconf 84' lang='lat' dir='ltr'>racemos</span> <span class='ocrx_word' id='word_1_119' title='bbox 923 757 1034 801; x_wconf 87' lang='lat' dir='ltr'>primo</span> <span class='ocrx_word' id='word_1_120' title='bbox 1059 758 1184 793; x_wconf 89' lang='lat' dir='ltr'>breves</span> <span class='ocrx_word' id='word_1_121' title='bbox 1211 763 1246 793; x_wconf 87' lang='lat' dir='ltr'>et</span> <span class='ocrx_word' id='word_1_122' title='bbox 1271 758 1418 804; x_wconf 90' lang='lat' dir='ltr'>densos,</span> <span class='ocrx_word' id='word_1_123' title='bbox 1452 759 1602 804; x_wconf 88' lang='lat' dir='ltr'>denique</span> <span class='ocrx_word' id='word_1_124' title='bbox 1639 771 1719 795; x_wconf 89' lang='lat' dir='ltr'>vero</span> <span class='ocrx_word' id='word_1_125' title='bbox 1750 761 1852 796; x_wconf 89' lang='lat' dir='ltr'>valde</span> 
     </span>
     <span class='ocr_line' id='line_1_13' title="bbox 150 803 1852 850; baseline 0.002 -11"><span class='ocrx_word' id='word_1_126' title='bbox 150 806 330 848; x_wconf 83' lang='lat' dir='ltr'>elongatos</span> <span class='ocrx_word' id='word_1_127' title='bbox 355 804 554 849; x_wconf 82' lang='lat' dir='ltr'>dispositis,</span> <span class='ocrx_word' id='word_1_128' title='bbox 580 804 766 849; x_wconf 88' lang='lat' dir='ltr'>pedicellis</span> <span class='ocrx_word' id='word_1_129' title='bbox 792 803 983 847; x_wconf 85' lang='lat' dir='ltr'>gracilibus</span> <span class='ocrx_word' id='word_1_130' title='bbox 1000 803 1159 849; x_wconf 71' lang='lat' dir='ltr'>patulis,</span> <span class='ocrx_word' id='word_1_131' title='bbox 1184 804 1374 841; x_wconf 87' lang='lat' dir='ltr'>filamentis</span> <span class='ocrx_word' id='word_1_132' title='bbox 1400 806 1658 850; x_wconf 83' lang='lat' dir='ltr'>subedentulis;</span> <span class='ocrx_word' id='word_1_133' title='bbox 1703 808 1852 843; x_wconf 84' lang='lat' dir='ltr'>articulo</span> 
     </span>
     <span class='ocr_line' id='line_1_14' title="bbox 148 850 1850 899; baseline 0.002 -14"><span class='ocrx_word' id='word_1_134' title='bbox 148 851 281 887; x_wconf 87' lang='lat' dir='ltr'>fructus</span> <span class='ocrx_word' id='word_1_135' title='bbox 306 851 470 886; x_wconf 87' lang='lat' dir='ltr'>inferiore</span> <span class='ocrx_word' id='word_1_136' title='bbox 495 850 766 896; x_wconf 88' lang='lat' dir='ltr'>pedicelliformi</span> <span class='ocrx_word' id='word_1_137' title='bbox 792 851 967 896; x_wconf 87' lang='lat' dir='ltr'>elongato,</span> <span class='ocrx_word' id='word_1_138' title='bbox 993 851 1206 896; x_wconf 88' lang='lat' dir='ltr'>pedicellum</span> <span class='ocrx_word' id='word_1_139' title='bbox 1233 853 1436 896; x_wconf 73' lang='lat' dir='ltr'>superante.</span> <span class='ocrx_word' id='word_1_140' title='bbox 1480 873 1519 877; x_wconf 90' lang='lat'>-—</span> <span class='ocrx_word' id='word_1_141' title='bbox 1563 853 1595 888; x_wconf 96' lang='lat' dir='ltr'>A</span> <span class='ocrx_word' id='word_1_142' title='bbox 1622 854 1732 899; x_wconf 83' lang='lat' dir='ltr'>stirpe</span> <span class='ocrx_word' id='word_1_143' title='bbox 1757 855 1850 889; x_wconf 88' lang='lat' dir='ltr'>Afri-</span> 
     </span>
     <span class='ocr_line' id='line_1_15' title="bbox 149 897 1855 946; baseline 0.002 -14"><span class='ocrx_word' id='word_1_144' title='bbox 149 909 236 932; x_wconf 87' lang='lat' dir='ltr'>cana</span> <span class='ocrx_word' id='word_1_145' title='bbox 260 899 296 932; x_wconf 91' lang='lat' dir='ltr'>in</span> <span class='ocrx_word' id='word_1_146' title='bbox 309 898 457 941; x_wconf 90' lang='lat' dir='ltr'>Algeria</span> <span class='ocrx_word' id='word_1_147' title='bbox 481 908 658 942; x_wconf 87' lang='lat' dir='ltr'>regnoque</span> <span class='ocrx_word' id='word_1_148' title='bbox 683 898 896 933; x_wconf 88' lang='lat' dir='ltr'>Maroccano</span> <span class='ocrx_word' id='word_1_149' title='bbox 922 897 1088 942; x_wconf 87' lang='lat' dir='ltr'>indigena</span> <span class='ocrx_word' id='word_1_150' title='bbox 1113 909 1185 933; x_wconf 87' lang='lat' dir='ltr'>non</span> <span class='ocrx_word' id='word_1_151' title='bbox 1209 898 1329 934; x_wconf 85' lang='lat' dir='ltr'>differt</span> <span class='ocrx_word' id='word_1_152' title='bbox 1354 900 1421 935; x_wconf 90' lang='lat' dir='ltr'>nisi</span> <span class='ocrx_word' id='word_1_153' title='bbox 1447 899 1547 934; x_wconf 86' lang='lat' dir='ltr'>caule</span> <span class='ocrx_word' id='word_1_154' title='bbox 1565 900 1726 945; x_wconf 84' lang='lat' dir='ltr'>foliisque</span> <span class='ocrx_word' id='word_1_155' title='bbox 1743 901 1855 946; x_wconf 89' lang='lat' dir='ltr'>hispi-</span> 
     </span>
     <span class='ocr_line' id='line_1_16' title="bbox 148 943 1852 992; baseline 0.002 -13"><span class='ocrx_word' id='word_1_156' title='bbox 148 945 315 990; x_wconf 86' lang='lat' dir='ltr'>dioribus,</span> <span class='ocrx_word' id='word_1_157' title='bbox 341 944 523 990; x_wconf 89' lang='lat' dir='ltr'>pedicellis</span> <span class='ocrx_word' id='word_1_158' title='bbox 549 945 664 979; x_wconf 89' lang='lat' dir='ltr'>minus</span> <span class='ocrx_word' id='word_1_159' title='bbox 690 944 882 988; x_wconf 84' lang='lat' dir='ltr'>gracilibus</span> <span class='ocrx_word' id='word_1_160' title='bbox 907 950 942 980; x_wconf 85' lang='lat' dir='ltr'>et</span> <span class='ocrx_word' id='word_1_161' title='bbox 966 943 1114 980; x_wconf 89' lang='lat' dir='ltr'>floribus</span> <span class='ocrx_word' id='word_1_162' title='bbox 1139 945 1347 990; x_wconf 86' lang='lat' dir='ltr'>majoribus.</span> <span class='ocrx_word' id='word_1_163' title='bbox 1381 946 1483 981; x_wconf 87' lang='lat' dir='ltr'>Folia</span> <span class='ocrx_word' id='word_1_164' title='bbox 1509 946 1660 991; x_wconf 87' lang='lat' dir='ltr'>denique</span> <span class='ocrx_word' id='word_1_165' title='bbox 1674 948 1710 982; x_wconf 90' lang='lat' dir='ltr'>in</span> <span class='ocrx_word' id='word_1_166' title='bbox 1727 947 1852 992; x_wconf 84' lang='lat' dir='ltr'>planta</span> 
     </span>
     <span class='ocr_line' id='line_1_17' title="bbox 146 991 1851 1038; baseline 0.003 -12"><span class='ocrx_word' id='word_1_167' title='bbox 146 991 316 1035; x_wconf 89' lang='lat' dir='ltr'>Algerica</span> <span class='ocrx_word' id='word_1_168' title='bbox 341 991 449 1026; x_wconf 84' lang='lat' dir='ltr'>multo</span> <span class='ocrx_word' id='word_1_169' title='bbox 487 991 624 1036; x_wconf 86' lang='lat' dir='ltr'>majora</span> <span class='ocrx_word' id='word_1_170' title='bbox 662 996 764 1033; x_wconf 85' lang='lat' dir='ltr'>sunt,</span> <span class='ocrx_word' id='word_1_171' title='bbox 801 991 992 1037; x_wconf 84' lang='lat' dir='ltr'>praecipue</span> <span class='ocrx_word' id='word_1_172' title='bbox 1018 997 1238 1036; x_wconf 83' lang='lat' dir='ltr'>segmentum</span> <span class='ocrx_word' id='word_1_173' title='bbox 1264 992 1471 1038; x_wconf 86' lang='lat' dir='ltr'>terminale,</span> <span class='ocrx_word' id='word_1_174' title='bbox 1510 993 1602 1038; x_wconf 90' lang='lat' dir='ltr'>quod</span> <span class='ocrx_word' id='word_1_175' title='bbox 1627 994 1705 1030; x_wconf 86' lang='lat' dir='ltr'>basi</span> <span class='ocrx_word' id='word_1_176' title='bbox 1730 1005 1851 1030; x_wconf 88' lang='lat' dir='ltr'>revera</span> 
     </span>
     <span class='ocr_line' id='line_1_18' title="bbox 146 1038 590 1074; baseline -0.002 0"><span class='ocrx_word' id='word_1_177' title='bbox 146 1038 499 1074; x_wconf 88' lang='lat' dir='ltr'>reniformi-excisum</span> <span class='ocrx_word' id='word_1_178' title='bbox 527 1043 590 1073; x_wconf 89' lang='lat' dir='ltr'>est.</span> 
     </span>
    </p>
   </div>
   <div class='ocr_carea' id='block_1_4' title="bbox 137 1094 1854 1778">
    <p class='ocr_par' dir='ltr' id='par_1_4' title="bbox 137 1094 1854 1778">
     <span class='ocr_line' id='line_1_19' title="bbox 193 1094 1848 1140; baseline 0.002 -10"><span class='ocrx_word' id='word_1_179' title='bbox 193 1103 196 1105; x_wconf 71' lang='grc'><strong>’</strong></span> <span class='ocrx_word' id='word_1_180' title='bbox 240 1095 296 1130; x_wconf 89' lang='lat' dir='ltr'>Ad</span> <span class='ocrx_word' id='word_1_181' title='bbox 323 1105 437 1140; x_wconf 82' lang='lat' dir='ltr'>sepes,</span> <span class='ocrx_word' id='word_1_182' title='bbox 464 1105 593 1140; x_wconf 89' lang='lat' dir='ltr'>muros,</span> <span class='ocrx_word' id='word_1_183' title='bbox 617 1095 653 1129; x_wconf 93' lang='lat' dir='ltr'>in</span> <span class='ocrx_word' id='word_1_184' title='bbox 671 1094 821 1130; x_wconf 82' lang='lat' dir='ltr'>dumetis</span> <span class='ocrx_word' id='word_1_185' title='bbox 846 1096 1054 1140; x_wconf 88' lang='lat' dir='ltr'>rupiumque</span> <span class='ocrx_word' id='word_1_186' title='bbox 1078 1095 1215 1132; x_wconf 88' lang='lat' dir='ltr'>fissuris</span> <span class='ocrx_word' id='word_1_187' title='bbox 1240 1097 1394 1140; x_wconf 85' lang='lat' dir='ltr'>regionis</span> <span class='ocrx_word' id='word_1_188' title='bbox 1419 1097 1574 1132; x_wconf 87' lang='lat' dir='ltr'>inferior.</span> <span class='ocrx_word' id='word_1_189' title='bbox 1601 1102 1637 1133; x_wconf 86' lang='lat' dir='ltr'>et</span> <span class='ocrx_word' id='word_1_190' title='bbox 1660 1103 1848 1135; x_wconf 83' lang='lat' dir='ltr'>montanae</span> 
     </span>
     <span class='ocr_line' id='line_1_20' title="bbox 196 1141 1844 1190; baseline 0.003 -14"><span class='ocrx_word' id='word_1_191' title='bbox 196 1142 295 1186; x_wconf 88' lang='lat' dir='ltr'>regni</span> <span class='ocrx_word' id='word_1_192' title='bbox 320 1142 551 1177; x_wconf 87' lang='lat' dir='ltr'>Granatensis</span> <span class='ocrx_word' id='word_1_193' title='bbox 577 1147 612 1177; x_wconf 80' lang='lat' dir='ltr'>et</span> <span class='ocrx_word' id='word_1_194' title='bbox 637 1141 817 1178; x_wconf 83' lang='lat' dir='ltr'>Jiennens.</span> <span class='ocrx_word' id='word_1_195' title='bbox 843 1142 988 1187; x_wconf 86' lang='lat' dir='ltr'>passim.</span> <span class='ocrx_word' id='word_1_196' title='bbox 1014 1144 1060 1188; x_wconf 90' lang='lat' dir='ltr'>(c.</span> <span class='ocrx_word' id='word_1_197' title='bbox 1087 1143 1243 1187; x_wconf 86' lang='lat' dir='ltr'>Malaga,</span> <span class='ocrx_word' id='word_1_198' title='bbox 1269 1143 1407 1186; x_wconf 86' lang='lat' dir='ltr'>Ronda,</span> <span class='ocrx_word' id='word_1_199' title='bbox 1432 1143 1477 1178; x_wconf 88' lang='lat' dir='ltr'>ad</span> <span class='ocrx_word' id='word_1_200' title='bbox 1504 1145 1564 1180; x_wconf 89' lang='lat' dir='ltr'>alt.</span> <span class='ocrx_word' id='word_1_201' title='bbox 1592 1146 1697 1179; x_wconf 85' lang='lat'>2000‘</span> <span class='ocrx_word' id='word_1_202' title='bbox 1723 1157 1844 1190; x_wconf 87' lang='lat' dir='ltr'>usque,</span> 
     </span>
     <span class='ocr_line' id='line_1_21' title="bbox 194 1188 1848 1234; baseline 0.003 -12"><span class='ocrx_word' id='word_1_203' title='bbox 194 1189 331 1233; x_wconf 87' lang='lat' dir='ltr'>WBB.,</span> <span class='ocrx_word' id='word_1_204' title='bbox 356 1189 458 1224; x_wconf 85' lang='lat' dir='ltr'>BSS.!</span> <span class='ocrx_word' id='word_1_205' title='bbox 487 1188 595 1234; x_wconf 83' lang='lat' dir='ltr'>WK.,</span> <span class='ocrx_word' id='word_1_206' title='bbox 621 1188 716 1227; x_wconf 81' lang='lat' dir='ltr'>FK.,</span> <span class='ocrx_word' id='word_1_207' title='bbox 741 1188 862 1233; x_wconf 83' lang='lat' dir='ltr'>LGE.,</span> <span class='ocrx_word' id='word_1_208' title='bbox 889 1189 1009 1223; x_wconf 88' lang='lat' dir='ltr'>Sierra</span> <span class='ocrx_word' id='word_1_209' title='bbox 1035 1189 1198 1234; x_wconf 84' lang='lat' dir='ltr'>Nevada,</span> <span class='ocrx_word' id='word_1_210' title='bbox 1225 1191 1259 1224; x_wconf 91' lang='lat' dir='ltr'>in</span> <span class='ocrx_word' id='word_1_211' title='bbox 1286 1190 1376 1225; x_wconf 86' lang='lat' dir='ltr'>valle</span> <span class='ocrx_word' id='word_1_212' title='bbox 1401 1190 1481 1226; x_wconf 81' lang='lat' dir='ltr'>fluv.</span> <span class='ocrx_word' id='word_1_213' title='bbox 1509 1192 1691 1227; x_wconf 88' lang='lat' dir='ltr'>Monachil</span> <span class='ocrx_word' id='word_1_214' title='bbox 1717 1192 1760 1226; x_wconf 92' lang='lat' dir='ltr'>ad</span> <span class='ocrx_word' id='word_1_215' title='bbox 1787 1194 1848 1229; x_wconf 83' lang='lat' dir='ltr'>alt.</span> 
     </span>
     <span class='ocr_line' id='line_1_22' title="bbox 194 1235 1854 1284; baseline 0.003 -15"><span class='ocrx_word' id='word_1_216' title='bbox 194 1235 298 1269; x_wconf 87' lang='lat'>5000‘</span> <span class='ocrx_word' id='word_1_217' title='bbox 322 1246 444 1280; x_wconf 88' lang='lat' dir='ltr'>usque,</span> <span class='ocrx_word' id='word_1_218' title='bbox 470 1246 499 1270; x_wconf 92' lang='lat' dir='ltr'>c.</span> <span class='ocrx_word' id='word_1_219' title='bbox 525 1235 694 1270; x_wconf 81' lang='lat' dir='ltr'>Trevelez</span> <span class='ocrx_word' id='word_1_220' title='bbox 719 1241 826 1280; x_wconf 82' lang='lat' dir='ltr'>atque</span> <span class='ocrx_word' id='word_1_221' title='bbox 851 1236 887 1269; x_wconf 91' lang='lat' dir='ltr'>in</span> <span class='ocrx_word' id='word_1_222' title='bbox 912 1236 1002 1270; x_wconf 90' lang='lat' dir='ltr'>valle</span> <span class='ocrx_word' id='word_1_223' title='bbox 1028 1237 1208 1272; x_wconf 87' lang='lat' dir='ltr'>Barranco</span> <span class='ocrx_word' id='word_1_224' title='bbox 1235 1237 1277 1271; x_wconf 90' lang='lat' dir='ltr'>de</span> <span class='ocrx_word' id='word_1_225' title='bbox 1304 1237 1482 1283; x_wconf 87' lang='lat' dir='ltr'>Trevelez,</span> <span class='ocrx_word' id='word_1_226' title='bbox 1509 1238 1610 1280; x_wconf 68' lang='lat' dir='ltr'>Wn„</span> <span class='ocrx_word' id='word_1_227' title='bbox 1635 1250 1688 1284; x_wconf 88' lang='lat' dir='ltr'>pr.</span> <span class='ocrx_word' id='word_1_228' title='bbox 1715 1239 1854 1284; x_wconf 86' lang='lat' dir='ltr'>Guejar</span> 
     </span>
     <span class='ocr_line' id='line_1_23' title="bbox 137 1281 1849 1331; baseline 0.003 -15"><span class='ocrx_word' id='word_1_229' title='bbox 137 1302 146 1308; x_wconf 46' lang='lat' dir='ltr'><em>r</em></span> <span class='ocrx_word' id='word_1_230' title='bbox 196 1282 238 1316; x_wconf 90' lang='lat' dir='ltr'>de</span> <span class='ocrx_word' id='word_1_231' title='bbox 262 1282 298 1317; x_wconf 91' lang='lat' dir='ltr'>la</span> <span class='ocrx_word' id='word_1_232' title='bbox 315 1281 444 1325; x_wconf 85' lang='lat' dir='ltr'>Sierra,</span> <span class='ocrx_word' id='word_1_233' title='bbox 471 1282 641 1317; x_wconf 83' lang='lat' dir='ltr'>BOURG.!</span> <span class='ocrx_word' id='word_1_234' title='bbox 668 1281 779 1326; x_wconf 72' lang='lat' dir='ltr'>Len,</span> <span class='ocrx_word' id='word_1_235' title='bbox 804 1294 832 1317; x_wconf 90' lang='lat' dir='ltr'>c.</span> <span class='ocrx_word' id='word_1_236' title='bbox 850 1282 1028 1324; x_wconf 84' lang='lat' dir='ltr'>Granada‚</span> <span class='ocrx_word' id='word_1_237' title='bbox 1054 1283 1197 1327; x_wconf 85' lang='lat' dir='ltr'>RAMB.,</span> <span class='ocrx_word' id='word_1_238' title='bbox 1225 1284 1335 1328; x_wconf 82' lang='lat' dir='ltr'>LGE.,</span> <span class='ocrx_word' id='word_1_239' title='bbox 1362 1284 1406 1318; x_wconf 87' lang='lat' dir='ltr'>ad</span> <span class='ocrx_word' id='word_1_240' title='bbox 1432 1285 1528 1330; x_wconf 85' lang='lat' dir='ltr'>ripas</span> <span class='ocrx_word' id='word_1_241' title='bbox 1553 1285 1589 1321; x_wconf 91' lang='lat' dir='ltr'>fi.</span> <span class='ocrx_word' id='word_1_242' title='bbox 1608 1285 1714 1330; x_wconf 81' lang='lat' dir='ltr'>Jenil,</span> <span class='ocrx_word' id='word_1_243' title='bbox 1741 1287 1849 1331; x_wconf 89' lang='lat' dir='ltr'>AMO‚</span> 
     </span>
     <span class='ocr_line' id='line_1_24' title="bbox 196 1328 1539 1376; baseline 0.001 -13"><span class='ocrx_word' id='word_1_244' title='bbox 196 1329 418 1372; x_wconf 86' lang='lat' dir='ltr'>Carratraca,</span> <span class='ocrx_word' id='word_1_245' title='bbox 443 1328 531 1364; x_wconf 83' lang='lat' dir='ltr'>HS.!</span> <span class='ocrx_word' id='word_1_246' title='bbox 558 1328 689 1373; x_wconf 88' lang='lat' dir='ltr'>WBB.;</span> <span class='ocrx_word' id='word_1_247' title='bbox 716 1328 817 1373; x_wconf 82' lang='lat' dir='ltr'>Jaen,</span> <span class='ocrx_word' id='word_1_248' title='bbox 844 1329 985 1373; x_wconf 78' lang='lat' dir='ltr'>LGE.!).</span> <span class='ocrx_word' id='word_1_249' title='bbox 1012 1349 1056 1355; x_wconf 89' lang='lat'><em>-</em></span> <span class='ocrx_word' id='word_1_250' title='bbox 1085 1338 1120 1372; x_wconf 66' lang='grc' dir='ltr'>ει.</span> <span class='ocrx_word' id='word_1_251' title='bbox 1147 1331 1386 1374; x_wconf 71' lang='lat' dir='ltr'>Majo—Aiig.</span> <span class='ocrx_word' id='word_1_252' title='bbox 1412 1332 1456 1375; x_wconf 88' lang='lat' dir='ltr'>(v.</span> <span class='ocrx_word' id='word_1_253' title='bbox 1482 1333 1539 1376; x_wconf 89' lang='lat' dir='ltr'>v.).</span> 
     </span>
     <span class='ocr_line' id='line_1_25' title="bbox 240 1386 992 1431; baseline 0.001 -11"><span class='ocrx_word' id='word_1_254' title='bbox 240 1386 332 1421; x_wconf 87' lang='lat' dir='ltr'>Hab.</span> <span class='ocrx_word' id='word_1_255' title='bbox 357 1387 470 1421; x_wconf 86' lang='lat' dir='ltr'>forma</span> <span class='ocrx_word' id='word_1_256' title='bbox 495 1386 614 1431; x_wconf 87' lang='lat' dir='ltr'>typica</span> <span class='ocrx_word' id='word_1_257' title='bbox 637 1386 673 1421; x_wconf 90' lang='lat' dir='ltr'>in</span> <span class='ocrx_word' id='word_1_258' title='bbox 698 1387 820 1421; x_wconf 85' lang='lat' dir='ltr'>Africa</span> <span class='ocrx_word' id='word_1_259' title='bbox 845 1387 992 1422; x_wconf 87' lang='lat' dir='ltr'>boreali.</span> 
     </span>
     <span class='ocr_line' id='line_1_26' title="bbox 243 1449 1850 1491; baseline 0.003 -8"><span class='ocrx_word' id='word_1_260' title='bbox 243 1450 347 1484; x_wconf 83' lang='lat'>4588.</span> <span class='ocrx_word' id='word_1_261' title='bbox 399 1452 441 1485; x_wconf 86' lang='lat' dir='ltr'>C.</span> <span class='ocrx_word' id='word_1_262' title='bbox 477 1452 711 1491; x_wconf 81' lang='lat' dir='ltr'>Hispaniea</span> <span class='ocrx_word' id='word_1_263' title='bbox 748 1449 788 1485; x_wconf 87' lang='lat' dir='ltr'>L.</span> <span class='ocrx_word' id='word_1_264' title='bbox 825 1449 909 1484; x_wconf 89' lang='lat' dir='ltr'>Cod.</span> <span class='ocrx_word' id='word_1_265' title='bbox 947 1462 979 1485; x_wconf 89' lang='lat' dir='ltr'>n.</span> <span class='ocrx_word' id='word_1_266' title='bbox 1006 1451 1118 1486; x_wconf 83' lang='lat'>4891!</span> <span class='ocrx_word' id='word_1_267' title='bbox 1168 1450 1263 1485; x_wconf 89' lang='lat' dir='ltr'>CAV.</span> <span class='ocrx_word' id='word_1_268' title='bbox 1301 1450 1418 1485; x_wconf 82' lang='lat' dir='ltr'>Praei.</span> <span class='ocrx_word' id='word_1_269' title='bbox 1455 1462 1487 1485; x_wconf 91' lang='lat' dir='ltr'>n.</span> <span class='ocrx_word' id='word_1_270' title='bbox 1513 1453 1596 1487; x_wconf 86' lang='lat'>943!</span> <span class='ocrx_word' id='word_1_271' title='bbox 1648 1453 1741 1489; x_wconf 92' lang='lat' dir='ltr'>AMO</span> <span class='ocrx_word' id='word_1_272' title='bbox 1774 1454 1795 1488; x_wconf 95' lang='lat' dir='ltr'>l.</span> <span class='ocrx_word' id='word_1_273' title='bbox 1821 1465 1850 1488; x_wconf 90' lang='lat' dir='ltr'>c.</span> 
     </span>
     <span class='ocr_line' id='line_1_27' title="bbox 148 1496 1851 1546; baseline 0.002 -15"><span class='ocrx_word' id='word_1_274' title='bbox 148 1509 180 1541; x_wconf 89' lang='lat' dir='ltr'>p.</span> <span class='ocrx_word' id='word_1_275' title='bbox 199 1497 286 1532; x_wconf 87' lang='lat'>640!</span> <span class='ocrx_word' id='word_1_276' title='bbox 312 1496 355 1532; x_wconf 87' lang='lat' dir='ltr'>cf.</span> <span class='ocrx_word' id='word_1_277' title='bbox 379 1496 510 1531; x_wconf 82' lang='lat' dir='ltr'>BOISS.</span> <span class='ocrx_word' id='word_1_278' title='bbox 535 1501 570 1531; x_wconf 89' lang='lat' dir='ltr'>et</span> <span class='ocrx_word' id='word_1_279' title='bbox 587 1496 686 1530; x_wconf 80' lang='lat' dir='ltr'>LGE.</span> <span class='ocrx_word' id='word_1_280' title='bbox 714 1496 735 1530; x_wconf 93' lang='lat' dir='ltr'>l.</span> <span class='ocrx_word' id='word_1_281' title='bbox 755 1507 784 1530; x_wconf 88' lang='lat' dir='ltr'>c.</span> <span class='ocrx_word' id='word_1_282' title='bbox 812 1496 1016 1542; x_wconf 87' lang='lat' dir='ltr'>(Myagrum</span> <span class='ocrx_word' id='word_1_283' title='bbox 1042 1497 1344 1542; x_wconf 84' lang='lat' dir='ltr'>sphaerocarpum</span> <span class='ocrx_word' id='word_1_284' title='bbox 1360 1497 1478 1537; x_wconf 81' lang='lat' dir='ltr'>JCQU.</span> <span class='ocrx_word' id='word_1_285' title='bbox 1505 1498 1649 1534; x_wconf 89' lang='lat' dir='ltr'>Observ.</span> <span class='ocrx_word' id='word_1_286' title='bbox 1668 1500 1714 1544; x_wconf 82' lang='lat' dir='ltr'>Il,</span> <span class='ocrx_word' id='word_1_287' title='bbox 1739 1513 1775 1546; x_wconf 86' lang='lat' dir='ltr'>p.</span> <span class='ocrx_word' id='word_1_288' title='bbox 1794 1502 1851 1542; x_wconf 83' lang='lat'>20,</span> 
     </span>
     <span class='ocr_line' id='line_1_28' title="bbox 146 1542 1847 1588; baseline 0.003 -10"><span class='ocrx_word' id='word_1_289' title='bbox 146 1548 169 1578; x_wconf 89' lang='lat' dir='ltr'>t.</span> <span class='ocrx_word' id='word_1_290' title='bbox 196 1545 261 1579; x_wconf 87' lang='lat'>41!</span> <span class='ocrx_word' id='word_1_291' title='bbox 289 1552 332 1578; x_wconf 84' lang='lat' dir='ltr'>ex</span> <span class='ocrx_word' id='word_1_292' title='bbox 357 1542 517 1586; x_wconf 90' lang='lat' dir='ltr'>Linneo).</span> <span class='ocrx_word' id='word_1_293' title='bbox 564 1542 828 1588; x_wconf 85' lang='lat' dir='ltr'>Hispidissima,</span> <span class='ocrx_word' id='word_1_294' title='bbox 854 1544 955 1578; x_wconf 86' lang='lat' dir='ltr'>caule</span> <span class='ocrx_word' id='word_1_295' title='bbox 980 1545 1086 1579; x_wconf 90' lang='lat' dir='ltr'>ramis</span> <span class='ocrx_word' id='word_1_296' title='bbox 1112 1544 1325 1588; x_wconf 87' lang='lat' dir='ltr'>petiolisque</span> <span class='ocrx_word' id='word_1_297' title='bbox 1350 1545 1437 1580; x_wconf 85' lang='lat' dir='ltr'>setis</span> <span class='ocrx_word' id='word_1_298' title='bbox 1462 1544 1607 1582; x_wconf 87' lang='lat' dir='ltr'>reflexis</span> <span class='ocrx_word' id='word_1_299' title='bbox 1632 1545 1740 1582; x_wconf 89' lang='lat' dir='ltr'>dense</span> <span class='ocrx_word' id='word_1_300' title='bbox 1774 1558 1847 1583; x_wconf 87' lang='lat' dir='ltr'>ves-</span> 
     </span>
     <span class='ocr_line' id='line_1_29' title="bbox 147 1589 1851 1637; baseline 0.003 -13"><span class='ocrx_word' id='word_1_301' title='bbox 147 1591 241 1634; x_wconf 88' lang='lat' dir='ltr'>titis,</span> <span class='ocrx_word' id='word_1_302' title='bbox 283 1589 401 1625; x_wconf 85' lang='lat' dir='ltr'>radice</span> <span class='ocrx_word' id='word_1_303' title='bbox 426 1600 548 1625; x_wconf 88' lang='lat' dir='ltr'>crassa</span> <span class='ocrx_word' id='word_1_304' title='bbox 573 1589 747 1625; x_wconf 86' lang='lat' dir='ltr'>fusiformi</span> <span class='ocrx_word' id='word_1_305' title='bbox 773 1589 910 1635; x_wconf 80' lang='lat' dir='ltr'>albida3</span> <span class='ocrx_word' id='word_1_306' title='bbox 953 1591 1054 1625; x_wconf 88' lang='lat' dir='ltr'>caule</span> <span class='ocrx_word' id='word_1_307' title='bbox 1089 1596 1206 1626; x_wconf 86' lang='lat' dir='ltr'>erecto</span> <span class='ocrx_word' id='word_1_308' title='bbox 1235 1592 1336 1625; x_wconf 84' lang='lat'>1—2¹</span> <span class='ocrx_word' id='word_1_309' title='bbox 1362 1591 1385 1625; x_wconf 93' lang='lat' dir='ltr'>l.</span> <span class='ocrx_word' id='word_1_310' title='bbox 1412 1592 1603 1637; x_wconf 90' lang='lat' dir='ltr'>angulato,</span> <span class='ocrx_word' id='word_1_311' title='bbox 1643 1593 1851 1630; x_wconf 86' lang='lat' dir='ltr'>divaricato-</span> 
     </span>
     <span class='ocr_line' id='line_1_30' title="bbox 147 1636 1853 1685; baseline 0.002 -14"><span class='ocrx_word' id='word_1_312' title='bbox 147 1647 305 1680; x_wconf 80' lang='lat' dir='ltr'>ramoso3</span> <span class='ocrx_word' id='word_1_313' title='bbox 331 1636 425 1672; x_wconf 89' lang='lat' dir='ltr'>foliis</span> <span class='ocrx_word' id='word_1_314' title='bbox 450 1637 828 1682; x_wconf 84' lang='lat' dir='ltr'>lyrato-pinnatisectis</span> <span class='ocrx_word' id='word_1_315' title='bbox 853 1636 1055 1682; x_wconf 86' lang='lat' dir='ltr'>petiolatis,</span> <span class='ocrx_word' id='word_1_316' title='bbox 1081 1638 1273 1681; x_wconf 88' lang='lat' dir='ltr'>segmentis</span> <span class='ocrx_word' id='word_1_317' title='bbox 1298 1638 1509 1674; x_wconf 88' lang='lat' dir='ltr'>lateralibus</span> <span class='ocrx_word' id='word_1_318' title='bbox 1535 1641 1555 1673; x_wconf 83' lang='lat'><strong>2</strong></span> <span class='ocrx_word' id='word_1_319' title='bbox 1580 1641 1709 1685; x_wconf 86' lang='lat' dir='ltr'>parvis,</span> <span class='ocrx_word' id='word_1_320' title='bbox 1733 1642 1853 1676; x_wconf 89' lang='lat' dir='ltr'>termi-</span> 
     </span>
     <span class='ocr_line' id='line_1_31' title="bbox 147 1683 1854 1732; baseline 0.004 -15"><span class='ocrx_word' id='word_1_321' title='bbox 147 1683 220 1717; x_wconf 89' lang='lat' dir='ltr'>nali</span> <span class='ocrx_word' id='word_1_322' title='bbox 244 1683 398 1718; x_wconf 88' lang='lat' dir='ltr'>maximo</span> <span class='ocrx_word' id='word_1_323' title='bbox 422 1683 824 1727; x_wconf 88' lang='lat' dir='ltr'>reniformi-rotundato,</span> <span class='ocrx_word' id='word_1_324' title='bbox 863 1684 1109 1728; x_wconf 85' lang='lat' dir='ltr'>irregulariter</span> <span class='ocrx_word' id='word_1_325' title='bbox 1145 1684 1470 1729; x_wconf 82' lang='lat' dir='ltr'>crenato—dentat03</span> <span class='ocrx_word' id='word_1_326' title='bbox 1511 1686 1662 1722; x_wconf 85' lang='lat' dir='ltr'>racemis</span> <span class='ocrx_word' id='word_1_327' title='bbox 1697 1688 1854 1732; x_wconf 82' lang='lat' dir='ltr'>virgatis,</span> 
     </span>
     <span class='ocr_line' id='line_1_32' title="bbox 147 1729 1853 1778; baseline 0.004 -14"><span class='ocrx_word' id='word_1_328' title='bbox 147 1730 337 1765; x_wconf 85' lang='lat' dir='ltr'>fructiferis</span> <span class='ocrx_word' id='word_1_329' title='bbox 361 1729 462 1766; x_wconf 89' lang='lat' dir='ltr'>valde</span> <span class='ocrx_word' id='word_1_330' title='bbox 486 1730 671 1775; x_wconf 88' lang='lat' dir='ltr'>elongatis,</span> <span class='ocrx_word' id='word_1_331' title='bbox 696 1730 879 1775; x_wconf 89' lang='lat' dir='ltr'>pedicellis</span> <span class='ocrx_word' id='word_1_332' title='bbox 898 1732 1175 1776; x_wconf 85' lang='lat' dir='ltr'>erecto-patulis,</span> <span class='ocrx_word' id='word_1_333' title='bbox 1202 1731 1346 1775; x_wconf 88' lang='lat' dir='ltr'>strictis,</span> <span class='ocrx_word' id='word_1_334' title='bbox 1369 1731 1604 1777; x_wconf 78' lang='lat' dir='ltr'>filiformibus,</span> <span class='ocrx_word' id='word_1_335' title='bbox 1622 1733 1853 1778; x_wconf 86' lang='lat' dir='ltr'>pollicaribus</span> 
     </span>
    </p>
   </div>
   <div class='ocr_carea' id='block_1_5' title="bbox 151 1776 1854 1868">
    <p class='ocr_par' dir='ltr' id='par_1_5' title="bbox 151 1776 1854 1868">
     <span class='ocr_line' id='line_1_33' title="bbox 151 1776 1854 1827; baseline 0.002 -15"><span class='ocrx_word' id='word_1_336' title='bbox 151 1776 303 1820; x_wconf 91' lang='lat' dir='ltr'>(silicula</span> <span class='ocrx_word' id='word_1_337' title='bbox 326 1777 436 1812; x_wconf 90' lang='lat' dir='ltr'>multo</span> <span class='ocrx_word' id='word_1_338' title='bbox 464 1776 716 1822; x_wconf 80' lang='lat' dir='ltr'>longioribus),</span> <span class='ocrx_word' id='word_1_339' title='bbox 752 1777 940 1813; x_wconf 89' lang='lat' dir='ltr'>filamentis</span> <span class='ocrx_word' id='word_1_340' title='bbox 965 1777 1183 1822; x_wconf 85' lang='lat' dir='ltr'>longioribus</span> <span class='ocrx_word' id='word_1_341' title='bbox 1217 1778 1482 1826; x_wconf 83' lang='lat' dir='ltr'>denteauctis,</span> <span class='ocrx_word' id='word_1_342' title='bbox 1522 1780 1672 1816; x_wconf 89' lang='lat' dir='ltr'>siliculis</span> <span class='ocrx_word' id='word_1_343' title='bbox 1709 1781 1854 1827; x_wconf 88' lang='lat' dir='ltr'>glabris,</span> 
     </span>
     <span class='ocr_line' id='line_1_34' title="bbox 151 1823 598 1868; baseline 0.007 -11"><span class='ocrx_word' id='word_1_344' title='bbox 151 1823 297 1859; x_wconf 85' lang='lat' dir='ltr'>maturis</span> <span class='ocrx_word' id='word_1_345' title='bbox 323 1823 443 1868; x_wconf 82' lang='lat' dir='ltr'>fuscis,</span> <span class='ocrx_word' id='word_1_346' title='bbox 468 1823 598 1860; x_wconf 90' lang='lat' dir='ltr'>nitidis.</span> 
     </span>
    </p>
   </div>
   <div class='ocr_carea' id='block_1_6' title="bbox 199 1880 1853 1973">
    <p class='ocr_par' dir='ltr' id='par_1_6' title="bbox 199 1880 1853 1973">
     <span class='ocr_line' id='line_1_35' title="bbox 245 1880 1853 1930; baseline 0.005 -17"><span class='ocrx_word' id='word_1_347' title='bbox 245 1881 284 1914; x_wconf 93' lang='lat' dir='ltr'>In</span> <span class='ocrx_word' id='word_1_348' title='bbox 310 1881 406 1924; x_wconf 89' lang='lat' dir='ltr'>regni</span> <span class='ocrx_word' id='word_1_349' title='bbox 432 1880 613 1916; x_wconf 85' lang='lat' dir='ltr'>Valentini</span> <span class='ocrx_word' id='word_1_350' title='bbox 651 1881 792 1923; x_wconf 86' lang='lat' dir='ltr'>regione</span> <span class='ocrx_word' id='word_1_351' title='bbox 828 1880 976 1916; x_wconf 87' lang='lat' dir='ltr'>littorali</span> <span class='ocrx_word' id='word_1_352' title='bbox 1010 1881 1190 1925; x_wconf 79' lang='lat' dir='ltr'>(BOISS.),</span> <span class='ocrx_word' id='word_1_353' title='bbox 1232 1882 1363 1917; x_wconf 89' lang='lat' dir='ltr'>ditione</span> <span class='ocrx_word' id='word_1_354' title='bbox 1388 1883 1424 1917; x_wconf 92' lang='lat' dir='ltr'>la</span> <span class='ocrx_word' id='word_1_355' title='bbox 1448 1883 1604 1919; x_wconf 87' lang='lat' dir='ltr'>Mancha</span> <span class='ocrx_word' id='word_1_356' title='bbox 1630 1884 1792 1930; x_wconf 79' lang='lat' dir='ltr'>(QUER),</span> <span class='ocrx_word' id='word_1_357' title='bbox 1818 1890 1853 1921; x_wconf 90' lang='lat' dir='ltr'>et</span> 
     </span>
     <span class='ocr_line' id='line_1_36' title="bbox 199 1927 1379 1973; baseline 0.003 -13"><span class='ocrx_word' id='word_1_358' title='bbox 199 1927 344 1963; x_wconf 88' lang='lat' dir='ltr'>Baetica</span> <span class='ocrx_word' id='word_1_359' title='bbox 368 1929 438 1972; x_wconf 91' lang='lat' dir='ltr'>(pr.</span> <span class='ocrx_word' id='word_1_360' title='bbox 463 1927 602 1971; x_wconf 86' lang='lat' dir='ltr'>Sevilla,</span> <span class='ocrx_word' id='word_1_361' title='bbox 629 1927 796 1971; x_wconf 87' lang='lat' dir='ltr'>BOUT.!).</span> <span class='ocrx_word' id='word_1_362' title='bbox 824 1947 865 1952; x_wconf 89' lang='lat'>-—</span> <span class='ocrx_word' id='word_1_363' title='bbox 892 1931 942 1968; x_wconf 77' lang='grc' dir='ltr'>Θ.</span> <span class='ocrx_word' id='word_1_364' title='bbox 968 1927 1226 1971; x_wconf 86' lang='lat' dir='ltr'>Ma1·t.—Majo</span> <span class='ocrx_word' id='word_1_365' title='bbox 1253 1930 1294 1973; x_wconf 87' lang='lat' dir='ltr'>(v.</span> <span class='ocrx_word' id='word_1_366' title='bbox 1324 1929 1379 1973; x_wconf 90' lang='lat' dir='ltr'>s.).</span> 
     </span>
    </p>
   </div>
   <div class='ocr_carea' id='block_1_7' title="bbox 246 1984 1292 2031">
    <p class='ocr_par' dir='ltr' id='par_1_7' title="bbox 246 1984 1292 2031">
     <span class='ocr_line' id='line_1_37' title="bbox 246 1984 1292 2031; baseline 0.002 -12"><span class='ocrx_word' id='word_1_367' title='bbox 246 1984 337 2020; x_wconf 88' lang='lat' dir='ltr'>Hab.</span> <span class='ocrx_word' id='word_1_368' title='bbox 362 1985 398 2020; x_wconf 92' lang='lat' dir='ltr'>in</span> <span class='ocrx_word' id='word_1_369' title='bbox 423 1984 536 2021; x_wconf 90' lang='lat' dir='ltr'>Lusit.</span> <span class='ocrx_word' id='word_1_370' title='bbox 555 1985 612 2030; x_wconf 78' lang='lat'>(?)‚</span> <span class='ocrx_word' id='word_1_371' title='bbox 638 1985 787 2031; x_wconf 76' lang='lat' dir='ltr'>Sardin,</span> <span class='ocrx_word' id='word_1_372' title='bbox 812 1984 919 2029; x_wconf 90' lang='lat' dir='ltr'>Sicil.,</span> <span class='ocrx_word' id='word_1_373' title='bbox 947 1984 1082 2027; x_wconf 87' lang='lat' dir='ltr'>Graec.,</span> <span class='ocrx_word' id='word_1_374' title='bbox 1107 1986 1292 2021; x_wconf 87' lang='lat' dir='ltr'>Barbaria.</span> 
     </span>
    </p>
   </div>
   <div class='ocr_carea' id='block_1_8' title="bbox 201 2042 1854 2228">
    <p class='ocr_par' dir='ltr' id='par_1_8' title="bbox 201 2042 1854 2228">
     <span class='ocr_line' id='line_1_38' title="bbox 246 2042 1851 2090; baseline 0.003 -13"><span class='ocrx_word' id='word_1_375' title='bbox 246 2042 344 2079; x_wconf 85' lang='lat' dir='ltr'>obs.</span> <span class='ocrx_word' id='word_1_376' title='bbox 394 2042 429 2077; x_wconf 83' lang='lat' dir='ltr'>C.</span> <span class='ocrx_word' id='word_1_377' title='bbox 455 2042 664 2086; x_wconf 88' lang='lat' dir='ltr'>glabrata</span> <span class='ocrx_word' id='word_1_378' title='bbox 688 2042 760 2078; x_wconf 87' lang='lat' dir='ltr'>DC.</span> <span class='ocrx_word' id='word_1_379' title='bbox 784 2042 909 2077; x_wconf 88' lang='lat' dir='ltr'>Prodr.</span> <span class='ocrx_word' id='word_1_380' title='bbox 935 2042 963 2085; x_wconf 88' lang='lat' dir='ltr'>I,</span> <span class='ocrx_word' id='word_1_381' title='bbox 988 2054 1023 2087; x_wconf 86' lang='lat' dir='ltr'>p.</span> <span class='ocrx_word' id='word_1_382' title='bbox 1049 2042 1135 2079; x_wconf 77' lang='lat'>226!</span> <span class='ocrx_word' id='word_1_383' title='bbox 1186 2044 1280 2080; x_wconf 89' lang='lat' dir='ltr'>AMO</span> <span class='ocrx_word' id='word_1_384' title='bbox 1305 2044 1327 2079; x_wconf 89' lang='lat' dir='ltr'>l.</span> <span class='ocrx_word' id='word_1_385' title='bbox 1355 2055 1383 2080; x_wconf 90' lang='lat' dir='ltr'>c.</span> <span class='ocrx_word' id='word_1_386' title='bbox 1409 2058 1444 2090; x_wconf 89' lang='lat' dir='ltr'>p.</span> <span class='ocrx_word' id='word_1_387' title='bbox 1470 2047 1555 2081; x_wconf 83' lang='lat'>641!</span> <span class='ocrx_word' id='word_1_388' title='bbox 1590 2046 1640 2090; x_wconf 87' lang='lat' dir='ltr'>(C.</span> <span class='ocrx_word' id='word_1_389' title='bbox 1666 2047 1851 2083; x_wconf 87' lang='lat' dir='ltr'>cordifolia</span> 
     </span>
     <span class='ocr_line' id='line_1_39' title="bbox 205 2088 1854 2138; baseline 0.003 -15"><span class='ocrx_word' id='word_1_390' title='bbox 205 2088 247 2124; x_wconf 91' lang='lat' dir='ltr'>L.</span> <span class='ocrx_word' id='word_1_391' title='bbox 271 2089 370 2124; x_wconf 82' lang='lat' dir='ltr'>DUF.</span> <span class='ocrx_word' id='word_1_392' title='bbox 396 2089 432 2123; x_wconf 92' lang='lat' dir='ltr'>in</span> <span class='ocrx_word' id='word_1_393' title='bbox 456 2089 549 2124; x_wconf 89' lang='lat' dir='ltr'>Ann.</span> <span class='ocrx_word' id='word_1_394' title='bbox 575 2100 622 2125; x_wconf 90' lang='lat' dir='ltr'>sc.</span> <span class='ocrx_word' id='word_1_395' title='bbox 649 2090 752 2135; x_wconf 82' lang='lat' dir='ltr'>phys.</span> <span class='ocrx_word' id='word_1_396' title='bbox 779 2088 907 2124; x_wconf 89' lang='lat' dir='ltr'>Genev.</span> <span class='ocrx_word' id='word_1_397' title='bbox 933 2089 1025 2132; x_wconf 85' lang='lat' dir='ltr'>VII,</span> <span class='ocrx_word' id='word_1_398' title='bbox 1051 2102 1084 2134; x_wconf 92' lang='lat' dir='ltr'>p.</span> <span class='ocrx_word' id='word_1_399' title='bbox 1112 2091 1202 2135; x_wconf 85' lang='lat'>308,</span> <span class='ocrx_word' id='word_1_400' title='bbox 1228 2103 1296 2126; x_wconf 91' lang='lat' dir='ltr'>non</span> <span class='ocrx_word' id='word_1_401' title='bbox 1321 2091 1453 2137; x_wconf 83' lang='lat' dir='ltr'>STEV.)</span> <span class='ocrx_word' id='word_1_402' title='bbox 1477 2103 1519 2128; x_wconf 85' lang='lat' dir='ltr'>ex</span> <span class='ocrx_word' id='word_1_403' title='bbox 1543 2092 1779 2138; x_wconf 86' lang='lat' dir='ltr'>descriptione</span> <span class='ocrx_word' id='word_1_404' title='bbox 1805 2095 1854 2129; x_wconf 92' lang='lat' dir='ltr'>nil</span> 
     </span>
     <span class='ocr_line' id='line_1_40' title="bbox 205 2135 1854 2185; baseline 0.003 -15"><span class='ocrx_word' id='word_1_405' title='bbox 205 2136 272 2170; x_wconf 92' lang='lat' dir='ltr'>nisi</span> <span class='ocrx_word' id='word_1_406' title='bbox 297 2136 449 2171; x_wconf 86' lang='lat' dir='ltr'>varietas</span> <span class='ocrx_word' id='word_1_407' title='bbox 475 2136 720 2180; x_wconf 83' lang='lat' dir='ltr'>praecedentis</span> <span class='ocrx_word' id='word_1_408' title='bbox 745 2135 910 2180; x_wconf 86' lang='lat' dir='ltr'>glabrata</span> <span class='ocrx_word' id='word_1_409' title='bbox 935 2147 1013 2171; x_wconf 89' lang='lat' dir='ltr'>esse</span> <span class='ocrx_word' id='word_1_410' title='bbox 1038 2136 1186 2172; x_wconf 89' lang='lat' dir='ltr'>videtur.</span> <span class='ocrx_word' id='word_1_411' title='bbox 1227 2138 1340 2182; x_wconf 76' lang='lat' dir='ltr'>Quam</span> <span class='ocrx_word' id='word_1_412' title='bbox 1365 2139 1512 2185; x_wconf 88' lang='lat' dir='ltr'>stirpem</span> <span class='ocrx_word' id='word_1_413' title='bbox 1539 2140 1574 2174; x_wconf 91' lang='lat' dir='ltr'>in</span> <span class='ocrx_word' id='word_1_414' title='bbox 1598 2150 1706 2184; x_wconf 88' lang='lat' dir='ltr'>regno</span> <span class='ocrx_word' id='word_1_415' title='bbox 1724 2140 1854 2178; x_wconf 86' lang='lat' dir='ltr'>Valen-</span> 
     </span>
     <span class='ocr_line' id='line_1_41' title="bbox 201 2181 1195 2228; baseline 0 -10"><span class='ocrx_word' id='word_1_416' title='bbox 201 2181 276 2218; x_wconf 88' lang='lat' dir='ltr'>tino</span> <span class='ocrx_word' id='word_1_417' title='bbox 303 2184 367 2228; x_wconf 88' lang='lat' dir='ltr'>(pr.</span> <span class='ocrx_word' id='word_1_418' title='bbox 395 2183 429 2218; x_wconf 89' lang='lat' dir='ltr'>S.</span> <span class='ocrx_word' id='word_1_419' title='bbox 454 2182 579 2228; x_wconf 87' lang='lat' dir='ltr'>Felipe</span> <span class='ocrx_word' id='word_1_420' title='bbox 604 2182 646 2218; x_wconf 89' lang='lat' dir='ltr'>de</span> <span class='ocrx_word' id='word_1_421' title='bbox 670 2182 804 2227; x_wconf 80' lang='lat' dir='ltr'>Jativa)</span> <span class='ocrx_word' id='word_1_422' title='bbox 829 2182 916 2226; x_wconf 87' lang='lat' dir='ltr'>legit</span> <span class='ocrx_word' id='word_1_423' title='bbox 941 2183 984 2220; x_wconf 90' lang='lat' dir='ltr'>cl.</span> <span class='ocrx_word' id='word_1_424' title='bbox 1011 2183 1195 2219; x_wconf 85' lang='lat' dir='ltr'>DUFOUR.</span> 
     </span>
    </p>
   </div>
   <div class='ocr_carea' id='block_1_9' title="bbox 154 2277 1854 2441">
    <p class='ocr_par' dir='ltr' id='par_1_9' title="bbox 154 2277 1854 2441">
     <span class='ocr_line' id='line_1_42' title="bbox 759 2277 1252 2318; baseline 0.002 -8"><span class='ocrx_word' id='word_1_425' title='bbox 759 2277 927 2317; x_wconf 81' lang='lat' dir='ltr'>Species</span> <span class='ocrx_word' id='word_1_426' title='bbox 952 2277 1252 2318; x_wconf 85' lang='lat' dir='ltr'>inquirendae:</span> 
     </span>
     <span class='ocr_line' id='line_1_43' title="bbox 154 2347 1854 2399; baseline 0.003 -16"><span class='ocrx_word' id='word_1_427' title='bbox 154 2347 363 2384; x_wconf 78' lang='lat' dir='ltr'>Muricaria</span> <span class='ocrx_word' id='word_1_428' title='bbox 397 2351 589 2393; x_wconf 76' lang='lat' dir='ltr'>prostrata</span> <span class='ocrx_word' id='word_1_429' title='bbox 626 2348 750 2385; x_wconf 82' lang='lat' dir='ltr'>DESV.</span> <span class='ocrx_word' id='word_1_430' title='bbox 793 2349 940 2394; x_wconf 87' lang='lat' dir='ltr'>(Bunias</span> <span class='ocrx_word' id='word_1_431' title='bbox 974 2355 1152 2394; x_wconf 83' lang='lat' dir='ltr'>prostrata</span> <span class='ocrx_word' id='word_1_432' title='bbox 1176 2351 1298 2386; x_wconf 80' lang='lat' dir='ltr'>DESF.</span> <span class='ocrx_word' id='word_1_433' title='bbox 1324 2351 1378 2387; x_wconf 91' lang='lat' dir='ltr'>Fl.</span> <span class='ocrx_word' id='word_1_434' title='bbox 1404 2351 1479 2387; x_wconf 89' lang='lat' dir='ltr'>Atl.</span> <span class='ocrx_word' id='word_1_435' title='bbox 1505 2352 1533 2398; x_wconf 88' lang='lat' dir='ltr'>I,</span> <span class='ocrx_word' id='word_1_436' title='bbox 1557 2364 1591 2398; x_wconf 92' lang='lat' dir='ltr'>p.</span> <span class='ocrx_word' id='word_1_437' title='bbox 1618 2353 1675 2399; x_wconf 84' lang='lat'>76,</span> <span class='ocrx_word' id='word_1_438' title='bbox 1700 2357 1725 2388; x_wconf 88' lang='lat' dir='ltr'>t.</span> <span class='ocrx_word' id='word_1_439' title='bbox 1752 2353 1820 2387; x_wconf 86' lang='lat'>150</span> <span class='ocrx_word' id='word_1_440' title='bbox 1831 2353 1854 2398; x_wconf 88' lang='lat'>!)</span> 
     </span>
     <span class='ocr_line' id='line_1_44' title="bbox 366 2395 1101 2441; baseline 0.003 -11"><span class='ocrx_word' id='word_1_441' title='bbox 366 2416 408 2420; x_wconf 85' lang='lat'>—</span> <span class='ocrx_word' id='word_1_442' title='bbox 435 2395 471 2430; x_wconf 90' lang='lat' dir='ltr'>in</span> <span class='ocrx_word' id='word_1_443' title='bbox 495 2396 679 2441; x_wconf 89' lang='lat' dir='ltr'>Barbaria,</span> <span class='ocrx_word' id='word_1_444' title='bbox 706 2396 858 2432; x_wconf 86' lang='lat' dir='ltr'>fortasse</span> <span class='ocrx_word' id='word_1_445' title='bbox 882 2397 919 2431; x_wconf 91' lang='lat' dir='ltr'>in</span> <span class='ocrx_word' id='word_1_446' title='bbox 943 2397 1101 2432; x_wconf 83' lang='lat' dir='ltr'>Baetica.</span> 
     </span>
    </p>
   </div>
   <div class='ocr_carea' id='block_1_10' title="bbox 155 2442 1910 2543">
    <p class='ocr_par' dir='ltr' id='par_1_10' title="bbox 155 2442 1910 2543">
     <span class='ocr_line' id='line_1_45' title="bbox 155 2442 1910 2501; baseline 0.003 -14"><span class='ocrx_word' id='word_1_447' title='bbox 155 2452 443 2498; x_wconf 76' lang='lat' dir='ltr'>Cordylocarpus</span> <span class='ocrx_word' id='word_1_448' title='bbox 467 2453 669 2488; x_wconf 75' lang='lat' dir='ltr'>muricatus</span> <span class='ocrx_word' id='word_1_449' title='bbox 693 2454 811 2489; x_wconf 80' lang='lat' dir='ltr'>DESF.</span> <span class='ocrx_word' id='word_1_450' title='bbox 840 2454 894 2489; x_wconf 93' lang='lat' dir='ltr'>Fl.</span> <span class='ocrx_word' id='word_1_451' title='bbox 921 2454 993 2489; x_wconf 86' lang='lat' dir='ltr'>Atl.</span> <span class='ocrx_word' id='word_1_452' title='bbox 1019 2454 1065 2500; x_wconf 93' lang='lat' dir='ltr'>II,</span> <span class='ocrx_word' id='word_1_453' title='bbox 1091 2467 1124 2500; x_wconf 92' lang='lat' dir='ltr'>p.</span> <span class='ocrx_word' id='word_1_454' title='bbox 1151 2455 1206 2500; x_wconf 86' lang='lat'>79,</span> <span class='ocrx_word' id='word_1_455' title='bbox 1231 2460 1256 2491; x_wconf 88' lang='lat' dir='ltr'>t.</span> <span class='ocrx_word' id='word_1_456' title='bbox 1284 2456 1370 2491; x_wconf 80' lang='lat'>152!</span> <span class='ocrx_word' id='word_1_457' title='bbox 1400 2475 1439 2479; x_wconf 87' lang='lat'><strong>—</strong></span> <span class='ocrx_word' id='word_1_458' title='bbox 1467 2457 1501 2491; x_wconf 92' lang='lat' dir='ltr'>in</span> <span class='ocrx_word' id='word_1_459' title='bbox 1526 2455 1696 2501; x_wconf 88' lang='lat' dir='ltr'>Algeria,</span> <span class='ocrx_word' id='word_1_460' title='bbox 1734 2456 1856 2492; x_wconf 86' lang='lat' dir='ltr'>forsan</span> <span class='ocrx_word' id='word_1_461' title='bbox 1906 2442 1910 2444; x_wconf 45' lang='lat'>.</span> 
     </span>
     <span class='ocr_line' id='line_1_46' title="bbox 362 2499 992 2543; baseline 0.003 -10"><span class='ocrx_word' id='word_1_462' title='bbox 362 2499 396 2533; x_wconf 88' lang='lat' dir='ltr'>in</span> <span class='ocrx_word' id='word_1_463' title='bbox 422 2510 528 2543; x_wconf 88' lang='lat' dir='ltr'>regno</span> <span class='ocrx_word' id='word_1_464' title='bbox 553 2500 710 2536; x_wconf 86' lang='lat' dir='ltr'>Murcico</span> <span class='ocrx_word' id='word_1_465' title='bbox 735 2513 766 2536; x_wconf 92' lang='lat' dir='ltr'>v.</span> <span class='ocrx_word' id='word_1_466' title='bbox 793 2500 992 2536; x_wconf 85' lang='lat' dir='ltr'>Valentino.</span> 
     </span>
    </p>
   </div>
   <div class='ocr_carea' id='block_1_11' title="bbox 155 2556 1853 2652">
    <p class='ocr_par' dir='ltr' id='par_1_11' title="bbox 155 2556 1853 2652">
     <span class='ocr_line' id='line_1_47' title="bbox 155 2556 1853 2607; baseline 0.002 -16"><span class='ocrx_word' id='word_1_467' title='bbox 155 2556 402 2593; x_wconf 75' lang='lat' dir='ltr'>Hemicrambe</span> <span class='ocrx_word' id='word_1_468' title='bbox 426 2558 647 2601; x_wconf 75' lang='lat' dir='ltr'>fruticulosa</span> <span class='ocrx_word' id='word_1_469' title='bbox 673 2558 784 2594; x_wconf 82' lang='lat' dir='ltr'>WBB.</span> <span class='ocrx_word' id='word_1_470' title='bbox 810 2559 846 2594; x_wconf 89' lang='lat' dir='ltr'>in</span> <span class='ocrx_word' id='word_1_471' title='bbox 870 2559 962 2595; x_wconf 91' lang='lat' dir='ltr'>Ann.</span> <span class='ocrx_word' id='word_1_472' title='bbox 988 2570 1035 2595; x_wconf 92' lang='lat' dir='ltr'>sc.</span> <span class='ocrx_word' id='word_1_473' title='bbox 1062 2564 1134 2594; x_wconf 86' lang='lat' dir='ltr'>nat.</span> <span class='ocrx_word' id='word_1_474' title='bbox 1160 2569 1228 2595; x_wconf 87' lang='lat' dir='ltr'>ser.</span> <span class='ocrx_word' id='word_1_475' title='bbox 1247 2559 1311 2603; x_wconf 87' lang='lat' dir='ltr'>III,</span> <span class='ocrx_word' id='word_1_476' title='bbox 1338 2559 1403 2597; x_wconf 93' lang='lat' dir='ltr'>vol.</span> <span class='ocrx_word' id='word_1_477' title='bbox 1433 2562 1486 2606; x_wconf 86' lang='lat'>16,</span> <span class='ocrx_word' id='word_1_478' title='bbox 1512 2573 1546 2607; x_wconf 90' lang='lat' dir='ltr'>p.</span> <span class='ocrx_word' id='word_1_479' title='bbox 1571 2562 1652 2606; x_wconf 81' lang='lat'>248,</span> <span class='ocrx_word' id='word_1_480' title='bbox 1678 2564 1704 2597; x_wconf 87' lang='lat' dir='ltr'>t.</span> <span class='ocrx_word' id='word_1_481' title='bbox 1723 2561 1784 2601; x_wconf 89' lang='grc'>19;</span> <span class='ocrx_word' id='word_1_482' title='bbox 1813 2580 1853 2585; x_wconf 90' lang='grc'>-</span> 
     </span>
     <span class='ocr_line' id='line_1_48' title="bbox 360 2604 1371 2652; baseline 0.002 -13"><span class='ocrx_word' id='word_1_483' title='bbox 360 2604 397 2639; x_wconf 91' lang='lat' dir='ltr'>in</span> <span class='ocrx_word' id='word_1_484' title='bbox 421 2604 552 2641; x_wconf 89' lang='lat' dir='ltr'>ditione</span> <span class='ocrx_word' id='word_1_485' title='bbox 577 2605 779 2652; x_wconf 86' lang='lat' dir='ltr'>Tingitana,</span> <span class='ocrx_word' id='word_1_486' title='bbox 804 2606 955 2642; x_wconf 83' lang='lat' dir='ltr'>fortasse</span> <span class='ocrx_word' id='word_1_487' title='bbox 979 2606 1016 2640; x_wconf 90' lang='lat' dir='ltr'>in</span> <span class='ocrx_word' id='word_1_488' title='bbox 1040 2605 1188 2642; x_wconf 85' lang='lat' dir='ltr'>Baetica</span> <span class='ocrx_word' id='word_1_489' title='bbox 1212 2606 1371 2642; x_wconf 86' lang='lat' dir='ltr'>australi.</span> 
     </span>
    </p>
   </div>
   <div class='ocr_carea' id='block_1_12' title="bbox 624 2719 1379 2853">
    <p class='ocr_par' dir='ltr' id='par_1_12' title="bbox 624 2719 1379 2853">
     <span class='ocr_line' id='line_1_49' title="bbox 709 2719 1301 2756; baseline 0.002 -1"><span class='ocrx_word' id='word_1_490' title='bbox 709 2719 795 2755; x_wconf 87' lang='lat' dir='ltr'>Ser.</span> <span class='ocrx_word' id='word_1_491' title='bbox 822 2719 858 2755; x_wconf 88' lang='lat' dir='ltr'>C.</span> <span class='ocrx_word' id='word_1_492' title='bbox 907 2719 1301 2756; x_wconf 86' lang='lat' dir='ltr'>Nucamentaceae.</span> 
     </span>
     <span class='ocr_line' id='line_1_50' title="bbox 624 2805 1379 2853; baseline 0.005 -5"><span class='ocrx_word' id='word_1_493' title='bbox 624 2805 732 2851; x_wconf 84' lang='lat' dir='ltr'>Trib.</span> <span class='ocrx_word' id='word_1_494' title='bbox 767 2805 832 2850; x_wconf 92' lang='grc' dir='ltr'><strong>ΙΙΙ.</strong></span> <span class='ocrx_word' id='word_1_495' title='bbox 904 2806 1238 2851; x_wconf 85' lang='lat' dir='ltr'>Euclidieae</span> <span class='ocrx_word' id='word_1_496' title='bbox 1276 2807 1379 2853; x_wconf 84' lang='lat' dir='ltr'>WK.</span> 
     </span>
    </p>
   </div>
   <div class='ocr_carea' id='block_1_13' title="bbox 162 2900 1855 3073">
    <p class='ocr_par' dir='ltr' id='par_1_13' title="bbox 162 2900 1855 3073">
     <span class='ocr_line' id='line_1_51' title="bbox 278 2900 1852 2956; baseline 0.004 -17"><span class='ocrx_word' id='word_1_497' title='bbox 278 2900 443 2942; x_wconf 80' lang='lat' dir='ltr'>Fructus</span> <span class='ocrx_word' id='word_1_498' title='bbox 468 2903 808 2956; x_wconf 79' lang='lat' dir='ltr'>siliculaeformis,</span> <span class='ocrx_word' id='word_1_499' title='bbox 833 2904 1122 2955; x_wconf 60' lang='lat' dir='ltr'>inmaculatus,</span> <span class='ocrx_word' id='word_1_500' title='bbox 1156 2911 1390 2946; x_wconf 81' lang='lat' dir='ltr'>crustaceus</span> <span class='ocrx_word' id='word_1_501' title='bbox 1413 2918 1449 2945; x_wconf 90' lang='lat' dir='ltr'>v.</span> <span class='ocrx_word' id='word_1_502' title='bbox 1472 2915 1630 2956; x_wconf 85' lang='lat' dir='ltr'>osseus,</span> <span class='ocrx_word' id='word_1_503' title='bbox 1655 2905 1852 2946; x_wconf 82' lang='lat' dir='ltr'>interdum</span> 
     </span>
     <span class='ocr_line' id='line_1_52' title="bbox 162 2954 1855 3016; baseline 0.007 -24"><span class='ocrx_word' id='word_1_504' title='bbox 162 2954 314 3005; x_wconf 82' lang='lat' dir='ltr'>alatus,</span> <span class='ocrx_word' id='word_1_505' title='bbox 361 2958 590 3002; x_wconf 85' lang='lat' dir='ltr'>bilocularis</span> <span class='ocrx_word' id='word_1_506' title='bbox 622 2962 764 3002; x_wconf 88' lang='lat' dir='ltr'>loculis</span> <span class='ocrx_word' id='word_1_507' title='bbox 797 2962 1023 3015; x_wconf 79' lang='lat' dir='ltr'>parallelis,</span> <span class='ocrx_word' id='word_1_508' title='bbox 1071 2967 1136 3003; x_wconf 82' lang='lat' dir='ltr'>aut</span> <span class='ocrx_word' id='word_1_509' title='bbox 1169 2961 1212 3003; x_wconf 81' lang='lat'>4-</span> <span class='ocrx_word' id='word_1_510' title='bbox 1244 2963 1432 3005; x_wconf 84' lang='lat' dir='ltr'>iocularis</span> <span class='ocrx_word' id='word_1_511' title='bbox 1464 2962 1606 3002; x_wconf 90' lang='lat' dir='ltr'>loculis</span> <span class='ocrx_word' id='word_1_512' title='bbox 1643 2975 1716 3015; x_wconf 88' lang='lat' dir='ltr'>per</span> <span class='ocrx_word' id='word_1_513' title='bbox 1745 2964 1855 3016; x_wconf 84' lang='lat' dir='ltr'>paria</span> 
     </span>
     <span class='ocr_line' id='line_1_53' title="bbox 167 3016 1261 3073; baseline 0.01 -23"><span class='ocrx_word' id='word_1_514' title='bbox 167 3016 445 3065; x_wconf 83' lang='lat' dir='ltr'>superpositis.</span> <span class='ocrx_word' id='word_1_515' title='bbox 509 3018 648 3059; x_wconf 90' lang='lat' dir='ltr'>Loculi</span> <span class='ocrx_word' id='word_1_516' title='bbox 685 3021 893 3073; x_wconf 83' lang='lat' dir='ltr'>l—spermi,</span> <span class='ocrx_word' id='word_1_517' title='bbox 924 3032 1016 3060; x_wconf 87' lang='lat' dir='ltr'>raro</span> <span class='ocrx_word' id='word_1_518' title='bbox 1049 3018 1261 3073; x_wconf 78' lang='lat' dir='ltr'>2-spermi.</span> 
     </span>
    </p>
   </div>
  </div>
 </body>
</html>
