<?xml version="1.0" encoding="UTF-8"?>
<!DOCTYPE html PUBLIC "-//W3C//DTD XHTML 1.0 Transitional//EN"
    "http://www.w3.org/TR/xhtml1/DTD/xhtml1-transitional.dtd">
<html xmlns="http://www.w3.org/1999/xhtml" xml:lang="en" lang="en">
 <head>
  <title>
</title>
<meta http-equiv="Content-Type" content="text/html;charset=utf-8" />
  <meta name='ocr-system' content='tesseract 3.04.00' />
  <meta name='ocr-capabilities' content='ocr_page ocr_carea ocr_par ocr_line ocrx_word'/>
</head>
<body>
  <div class='ocr_page' id='page_1' title='image "./prodromusfloraeh03will_0238.png"; bbox 0 0 1976 3314; ppageno 0'>
   <div class='ocr_carea' id='block_1_1' title="bbox 963 130 1061 182">
    <p class='ocr_par' dir='ltr' id='par_1_1' title="bbox 963 130 1061 182">
     <span class='ocr_line' id='line_1_1' title="bbox 963 130 1061 182; baseline 0.01 -1"><span class='ocrx_word' id='word_1_1' title='bbox 963 130 1061 182; x_wconf 59' lang='lat'>224</span> 
     </span>
    </p>
   </div>
   <div class='ocr_carea' id='block_1_2' title="bbox 161 257 1862 442">
    <p class='ocr_par' dir='ltr' id='par_1_2' title="bbox 161 257 1862 442">
     <span class='ocr_line' id='line_1_2' title="bbox 163 257 1861 303; baseline 0.001 -11"><span class='ocrx_word' id='word_1_2' title='bbox 163 258 281 302; x_wconf 88' lang='lat' dir='ltr'>parvis</span> <span class='ocrx_word' id='word_1_3' title='bbox 306 257 342 292; x_wconf 93' lang='lat' dir='ltr'>in</span> <span class='ocrx_word' id='word_1_4' title='bbox 367 269 501 302; x_wconf 84' lang='lat' dir='ltr'><strong>cymam</strong></span> <span class='ocrx_word' id='word_1_5' title='bbox 526 258 747 294; x_wconf 81' lang='lat' dir='ltr'>terminalem</span> <span class='ocrx_word' id='word_1_6' title='bbox 773 257 1035 302; x_wconf 89' lang='lat' dir='ltr'>subsimplicem</span> <span class='ocrx_word' id='word_1_7' title='bbox 1057 258 1252 302; x_wconf 84' lang='lat' dir='ltr'>dispositis,</span> <span class='ocrx_word' id='word_1_8' title='bbox 1278 257 1486 302; x_wconf 84' lang='lat' dir='ltr'><strong>pedunculis</strong></span> <span class='ocrx_word' id='word_1_9' title='bbox 1511 258 1642 293; x_wconf 87' lang='lat' dir='ltr'>erectis</span> <span class='ocrx_word' id='word_1_10' title='bbox 1667 257 1861 303; x_wconf 88' lang='lat' dir='ltr'>pubescen-</span> 
     </span>
     <span class='ocr_line' id='line_1_3' title="bbox 162 304 1862 349; baseline 0.001 -10"><span class='ocrx_word' id='word_1_11' title='bbox 162 305 273 346; x_wconf 76' lang='lat' dir='ltr'>tibus3</span> <span class='ocrx_word' id='word_1_12' title='bbox 308 305 439 349; x_wconf 85' lang='lat' dir='ltr'>sepalis</span> <span class='ocrx_word' id='word_1_13' title='bbox 463 304 888 339; x_wconf 85' lang='lat' dir='ltr'>lanceolato-acuminatis</span> <span class='ocrx_word' id='word_1_14' title='bbox 914 304 1115 348; x_wconf 82' lang='lat' dir='ltr'>pubernlis,</span> <span class='ocrx_word' id='word_1_15' title='bbox 1149 304 1286 338; x_wconf 85' lang='lat' dir='ltr'>demum</span> <span class='ocrx_word' id='word_1_16' title='bbox 1312 304 1472 343; x_wconf 80' lang='lat' dir='ltr'>reflexis,</span> <span class='ocrx_word' id='word_1_17' title='bbox 1504 305 1634 349; x_wconf 79' lang='lat' dir='ltr'>petalis</span> <span class='ocrx_word' id='word_1_18' title='bbox 1659 305 1777 349; x_wconf 86' lang='lat' dir='ltr'>parvis</span> <span class='ocrx_word' id='word_1_19' title='bbox 1802 307 1862 340; x_wconf 92' lang='lat' dir='ltr'>ob-</span> 
     </span>
     <span class='ocr_line' id='line_1_4' title="bbox 161 351 1862 396; baseline 0.001 -12"><span class='ocrx_word' id='word_1_20' title='bbox 161 351 477 394; x_wconf 85' lang='lat' dir='ltr'>longo-linearibus</span> <span class='ocrx_word' id='word_1_21' title='bbox 502 352 604 393; x_wconf 78' lang='lat' dir='ltr'>albis.¹</span> <span class='ocrx_word' id='word_1_22' title='bbox 629 352 735 386; x_wconf 88' lang='lat' dir='ltr'>moris</span> <span class='ocrx_word' id='word_1_23' title='bbox 754 351 1070 394; x_wconf 89' lang='lat' dir='ltr'>haemisphaericis</span> <span class='ocrx_word' id='word_1_24' title='bbox 1097 351 1281 394; x_wconf 80' lang='lat' dir='ltr'>coccineis,</span> <span class='ocrx_word' id='word_1_25' title='bbox 1308 361 1351 385; x_wconf 85' lang='lat' dir='ltr'>ex</span> <span class='ocrx_word' id='word_1_26' title='bbox 1367 352 1476 386; x_wconf 90' lang='lat' dir='ltr'>acinis</span> <span class='ocrx_word' id='word_1_27' title='bbox 1502 352 1624 396; x_wconf 88' lang='lat' dir='ltr'>paucis</span> <span class='ocrx_word' id='word_1_28' title='bbox 1643 352 1765 387; x_wconf 87' lang='lat' dir='ltr'>liberis</span> <span class='ocrx_word' id='word_1_29' title='bbox 1783 362 1862 396; x_wconf 90' lang='lat' dir='ltr'>per-</span> 
     </span>
     <span class='ocr_line' id='line_1_5' title="bbox 163 396 845 442; baseline -0.001 -11"><span class='ocrx_word' id='word_1_30' title='bbox 163 398 299 441; x_wconf 86' lang='lat' dir='ltr'>magnis</span> <span class='ocrx_word' id='word_1_31' title='bbox 327 396 458 433; x_wconf 84' lang='lat' dir='ltr'>infiatis</span> <span class='ocrx_word' id='word_1_32' title='bbox 484 398 698 442; x_wconf 88' lang='lat' dir='ltr'>compositis,</span> <span class='ocrx_word' id='word_1_33' title='bbox 725 397 845 431; x_wconf 87' lang='lat' dir='ltr'>acidis.</span> 
     </span>
    </p>
   </div>
   <div class='ocr_carea' id='block_1_3' title="bbox 208 454 1862 592">
    <p class='ocr_par' dir='ltr' id='par_1_3' title="bbox 208 454 1862 592">
     <span class='ocr_line' id='line_1_6' title="bbox 255 454 1862 500; baseline 0.001 -12"><span class='ocrx_word' id='word_1_34' title='bbox 255 455 296 488; x_wconf 88' lang='lat' dir='ltr'>In</span> <span class='ocrx_word' id='word_1_35' title='bbox 320 455 519 489; x_wconf 89' lang='lat' dir='ltr'>nemoribus</span> <span class='ocrx_word' id='word_1_36' title='bbox 545 456 619 489; x_wconf 92' lang='lat' dir='ltr'>solo</span> <span class='ocrx_word' id='word_1_37' title='bbox 650 465 778 489; x_wconf 82' lang='lat' dir='ltr'>saxoso</span> <span class='ocrx_word' id='word_1_38' title='bbox 808 454 963 497; x_wconf 85' lang='lat' dir='ltr'>regionis</span> <span class='ocrx_word' id='word_1_39' title='bbox 995 461 1148 488; x_wconf 88' lang='lat' dir='ltr'>montan.</span> <span class='ocrx_word' id='word_1_40' title='bbox 1175 454 1371 498; x_wconf 82' lang='lat' dir='ltr'>Hispaniae</span> <span class='ocrx_word' id='word_1_41' title='bbox 1396 455 1557 489; x_wconf 88' lang='lat' dir='ltr'>oriental.</span> <span class='ocrx_word' id='word_1_42' title='bbox 1590 455 1642 498; x_wconf 89' lang='lat' dir='ltr'>(in</span> <span class='ocrx_word' id='word_1_43' title='bbox 1667 456 1862 500; x_wconf 85' lang='lat' dir='ltr'>Pyrenaeis</span> 
     </span>
     <span class='ocr_line' id='line_1_7' title="bbox 210 499 1862 544; baseline 0.001 -9"><span class='ocrx_word' id='word_1_44' title='bbox 210 502 376 544; x_wconf 62' lang='lat' dir='ltr'>Aragon..</span> <span class='ocrx_word' id='word_1_45' title='bbox 403 501 574 538; x_wconf 82' lang='lat' dir='ltr'>POURR..</span> <span class='ocrx_word' id='word_1_46' title='bbox 601 512 628 535; x_wconf 90' lang='lat' dir='ltr'>c.</span> <span class='ocrx_word' id='word_1_47' title='bbox 655 501 761 543; x_wconf 84' lang='lat' dir='ltr'>Jaca,</span> <span class='ocrx_word' id='word_1_48' title='bbox 788 499 921 544; x_wconf 74' lang='lat' dir='ltr'>QUER3</span> <span class='ocrx_word' id='word_1_49' title='bbox 955 501 991 534; x_wconf 86' lang='lat' dir='ltr'>in</span> <span class='ocrx_word' id='word_1_50' title='bbox 1017 501 1127 535; x_wconf 83' lang='lat' dir='ltr'>Catal.</span> <span class='ocrx_word' id='word_1_51' title='bbox 1154 500 1245 534; x_wconf 86' lang='lat' dir='ltr'>valle</span> <span class='ocrx_word' id='word_1_52' title='bbox 1271 500 1313 534; x_wconf 89' lang='lat' dir='ltr'>de</span> <span class='ocrx_word' id='word_1_53' title='bbox 1340 502 1455 537; x_wconf 87' lang='lat' dir='ltr'>Aran.</span> <span class='ocrx_word' id='word_1_54' title='bbox 1490 514 1519 537; x_wconf 83' lang='lat' dir='ltr'>V.</span> <span class='ocrx_word' id='word_1_55' title='bbox 1545 512 1573 535; x_wconf 86' lang='lat' dir='ltr'>c.</span> <span class='ocrx_word' id='word_1_56' title='bbox 1600 503 1634 536; x_wconf 91' lang='lat' dir='ltr'>in</span> <span class='ocrx_word' id='word_1_57' title='bbox 1660 503 1862 537; x_wconf 73' lang='lat' dir='ltr'>nemoribus</span> 
     </span>
     <span class='ocr_line' id='line_1_8' title="bbox 208 547 1169 592; baseline 0 -11"><span class='ocrx_word' id='word_1_58' title='bbox 208 559 260 592; x_wconf 90' lang='lat' dir='ltr'>pr.</span> <span class='ocrx_word' id='word_1_59' title='bbox 288 549 418 591; x_wconf 73' lang='lat' dir='ltr'>Arties,</span> <span class='ocrx_word' id='word_1_60' title='bbox 445 548 606 590; x_wconf 85' lang='lat' dir='ltr'>CSTA.!).</span> <span class='ocrx_word' id='word_1_61' title='bbox 637 567 671 570; x_wconf 90' lang='lat'>—</span> <span class='ocrx_word' id='word_1_62' title='bbox 709 548 753 590; x_wconf 76' lang='grc' dir='ltr'>ῂ.</span> <span class='ocrx_word' id='word_1_63' title='bbox 781 547 888 591; x_wconf 86' lang='lat' dir='ltr'>Majo,</span> <span class='ocrx_word' id='word_1_64' title='bbox 914 547 1030 581; x_wconf 88' lang='lat' dir='ltr'>Junio.</span> <span class='ocrx_word' id='word_1_65' title='bbox 1057 547 1100 591; x_wconf 82' lang='grc' dir='ltr'>(ν.</span> <span class='ocrx_word' id='word_1_66' title='bbox 1127 547 1169 591; x_wconf 88' lang='lat' dir='ltr'>s.)</span> 
     </span>
    </p>
   </div>
   <div class='ocr_carea' id='block_1_4' title="bbox 258 603 1641 649">
    <p class='ocr_par' dir='ltr' id='par_1_4' title="bbox 258 603 1641 649">
     <span class='ocr_line' id='line_1_9' title="bbox 258 603 1641 649; baseline 0.001 -12"><span class='ocrx_word' id='word_1_67' title='bbox 258 604 348 639; x_wconf 86' lang='lat' dir='ltr'>Hah.</span> <span class='ocrx_word' id='word_1_68' title='bbox 375 605 409 638; x_wconf 94' lang='lat' dir='ltr'>in</span> <span class='ocrx_word' id='word_1_69' title='bbox 435 605 527 639; x_wconf 89' lang='lat' dir='ltr'>omni</span> <span class='ocrx_word' id='word_1_70' title='bbox 552 604 708 649; x_wconf 86' lang='lat' dir='ltr'>Europa,</span> <span class='ocrx_word' id='word_1_71' title='bbox 733 614 806 638; x_wconf 81' lang='lat' dir='ltr'>exo.</span> <span class='ocrx_word' id='word_1_72' title='bbox 833 605 968 649; x_wconf 90' lang='lat' dir='ltr'>penins.</span> <span class='ocrx_word' id='word_1_73' title='bbox 995 604 1133 648; x_wconf 82' lang='lat' dir='ltr'>hispan.</span> <span class='ocrx_word' id='word_1_74' title='bbox 1160 609 1261 648; x_wconf 89' lang='lat' dir='ltr'>parte</span> <span class='ocrx_word' id='word_1_75' title='bbox 1284 604 1392 638; x_wconf 87' lang='lat' dir='ltr'>occid.</span> <span class='ocrx_word' id='word_1_76' title='bbox 1419 610 1454 639; x_wconf 88' lang='lat' dir='ltr'>et</span> <span class='ocrx_word' id='word_1_77' title='bbox 1479 603 1641 639; x_wconf 77' lang='lat' dir='ltr'>Graecia.</span> 
     </span>
    </p>
   </div>
   <div class='ocr_carea' id='block_1_5' title="bbox 741 721 1279 758">
    <p class='ocr_par' dir='ltr' id='par_1_5' title="bbox 741 721 1279 758">
     <span class='ocr_line' id='line_1_10' title="bbox 741 721 1279 758; baseline 0 -6"><span class='ocrx_word' id='word_1_78' title='bbox 741 721 908 758; x_wconf 81' lang='lat' dir='ltr'>Species</span> <span class='ocrx_word' id='word_1_79' title='bbox 934 721 1122 753; x_wconf 84' lang='lat' dir='ltr'>incertae</span> <span class='ocrx_word' id='word_1_80' title='bbox 1147 721 1258 753; x_wconf 78' lang='lat' dir='ltr'>sedis</span> <span class='ocrx_word' id='word_1_81' title='bbox 1271 729 1279 752; x_wconf 92' lang='lat'>:</span> 
     </span>
    </p>
   </div>
   <div class='ocr_carea' id='block_1_6' title="bbox 162 798 1864 1029">
    <p class='ocr_par' dir='ltr' id='par_1_6' title="bbox 162 798 1864 1029">
     <span class='ocr_line' id='line_1_11' title="bbox 162 798 1862 845; baseline 0.002 -12"><span class='ocrx_word' id='word_1_82' title='bbox 162 799 208 833; x_wconf 86' lang='lat' dir='ltr'>R.</span> <span class='ocrx_word' id='word_1_83' title='bbox 232 798 490 842; x_wconf 72' lang='lat' dir='ltr'>ulmc&#39;folius</span> <span class='ocrx_word' id='word_1_84' title='bbox 516 799 677 832; x_wconf 83' lang='lat' dir='ltr'>SCHOTT</span> <span class='ocrx_word' id='word_1_85' title='bbox 709 799 743 832; x_wconf 89' lang='lat' dir='ltr'>in</span> <span class='ocrx_word' id='word_1_86' title='bbox 770 799 836 833; x_wconf 86' lang='lat' dir='ltr'>Iris</span> <span class='ocrx_word' id='word_1_87' title='bbox 865 800 974 843; x_wconf 79' lang='lat'>1818,</span> <span class='ocrx_word' id='word_1_88' title='bbox 1008 800 1093 834; x_wconf 88' lang='lat' dir='ltr'>fasc.</span> <span class='ocrx_word' id='word_1_89' title='bbox 1120 800 1168 842; x_wconf 77' lang='lat' dir='ltr'>V,</span> <span class='ocrx_word' id='word_1_90' title='bbox 1202 812 1235 844; x_wconf 90' lang='lat' dir='ltr'>p.</span> <span class='ocrx_word' id='word_1_91' title='bbox 1261 801 1346 843; x_wconf 74' lang='lat'>821,</span> <span class='ocrx_word' id='word_1_92' title='bbox 1380 799 1450 833; x_wconf 82' lang='lat' dir='ltr'>DC.</span> <span class='ocrx_word' id='word_1_93' title='bbox 1476 799 1598 834; x_wconf 87' lang='lat' dir='ltr'>Prodr.</span> <span class='ocrx_word' id='word_1_94' title='bbox 1625 799 1681 842; x_wconf 89' lang='lat' dir='ltr'>II,</span> <span class='ocrx_word' id='word_1_95' title='bbox 1717 813 1750 845; x_wconf 90' lang='lat' dir='ltr'>p.</span> <span class='ocrx_word' id='word_1_96' title='bbox 1776 802 1862 836; x_wconf 79' lang='lat'>560!</span> 
     </span>
     <span class='ocr_line' id='line_1_12' title="bbox 373 844 1863 891; baseline 0.002 -13"><span class='ocrx_word' id='word_1_97' title='bbox 373 845 492 878; x_wconf 84' lang='lat' dir='ltr'>»caule</span> <span class='ocrx_word' id='word_1_98' title='bbox 530 844 760 879; x_wconf 79' lang='lat' dir='ltr'>decumbente</span> <span class='ocrx_word' id='word_1_99' title='bbox 796 846 1057 880; x_wconf 86' lang='lat' dir='ltr'>aculeatissimo</span> <span class='ocrx_word' id='word_1_100' title='bbox 1090 847 1322 889; x_wconf 78' lang='lat' dir='ltr'>t&#39;rutescente,</span> <span class='ocrx_word' id='word_1_101' title='bbox 1361 846 1453 880; x_wconf 89' lang='lat' dir='ltr'>foliis</span> <span class='ocrx_word' id='word_1_102' title='bbox 1492 847 1863 891; x_wconf 85' lang='lat' dir='ltr'>ternato-quinatoque</span> 
     </span>
     <span class='ocr_line' id='line_1_13' title="bbox 369 891 1864 937; baseline 0.002 -13"><span class='ocrx_word' id='word_1_103' title='bbox 369 891 546 934; x_wconf 84' lang='lat' dir='ltr'>palmatis,</span> <span class='ocrx_word' id='word_1_104' title='bbox 572 891 700 926; x_wconf 87' lang='lat' dir='ltr'>foliolis</span> <span class='ocrx_word' id='word_1_105' title='bbox 727 892 1054 927; x_wconf 81' lang='lat' dir='ltr'>ovali-subcordatis</span> <span class='ocrx_word' id='word_1_106' title='bbox 1076 901 1177 927; x_wconf 84' lang='lat' dir='ltr'>acute</span> <span class='ocrx_word' id='word_1_107' title='bbox 1203 893 1557 937; x_wconf 85' lang='lat' dir='ltr'>duplicato—crenatis</span> <span class='ocrx_word' id='word_1_108' title='bbox 1583 893 1707 928; x_wconf 82' lang='lat' dir='ltr'>subtus</span> <span class='ocrx_word' id='word_1_109' title='bbox 1732 900 1864 928; x_wconf 87' lang='lat' dir='ltr'>tomen-</span> 
     </span>
     <span class='ocr_line' id='line_1_14' title="bbox 368 938 1863 975; baseline 0.002 -4"><span class='ocrx_word' id='word_1_110' title='bbox 368 938 455 972; x_wconf 89' lang='lat' dir='ltr'>tosis</span> <span class='ocrx_word' id='word_1_111' title='bbox 480 938 680 972; x_wconf 75' lang='lat' dir='ltr'>inermibus.</span> <span class='ocrx_word' id='word_1_112' title='bbox 731 938 833 972; x_wconf 86' lang='lat' dir='ltr'>Rami</span> <span class='ocrx_word' id='word_1_113' title='bbox 867 940 1065 973; x_wconf 88' lang='lat' dir='ltr'>ruberrimi.</span> <span class='ocrx_word' id='word_1_114' title='bbox 1116 939 1240 974; x_wconf 86' lang='lat' dir='ltr'>Flores</span> <span class='ocrx_word' id='word_1_115' title='bbox 1275 949 1419 974; x_wconf 85' lang='lat' dir='ltr'>amoene</span> <span class='ocrx_word' id='word_1_116' title='bbox 1454 940 1577 974; x_wconf 69' lang='lat' dir='ltr'>rosei«</span> <span class='ocrx_word' id='word_1_117' title='bbox 1609 959 1651 963; x_wconf 75' lang='lat'>-—</span> <span class='ocrx_word' id='word_1_118' title='bbox 1679 940 1719 974; x_wconf 91' lang='lat' dir='ltr'>In</span> <span class='ocrx_word' id='word_1_119' title='bbox 1745 946 1863 975; x_wconf 87' lang='lat' dir='ltr'>monte</span> 
     </span>
     <span class='ocr_line' id='line_1_15' title="bbox 370 983 861 1029; baseline 0.006 -13"><span class='ocrx_word' id='word_1_120' title='bbox 370 983 618 1019; x_wconf 85' lang='lat' dir='ltr'>Gibraltarico.</span> <span class='ocrx_word' id='word_1_121' title='bbox 670 986 714 1028; x_wconf 77' lang='grc' dir='ltr'>ὴ.</span> <span class='ocrx_word' id='word_1_122' title='bbox 742 988 786 1029; x_wconf 89' lang='lat' dir='ltr'>(n.</span> <span class='ocrx_word' id='word_1_123' title='bbox 813 990 861 1027; x_wconf 83' lang='lat' dir='ltr'>v.)</span> 
     </span>
    </p>
   </div>
   <div class='ocr_carea' id='block_1_7' title="bbox 762 1090 1256 1129">
    <p class='ocr_par' dir='ltr' id='par_1_7' title="bbox 762 1090 1256 1129">
     <span class='ocr_line' id='line_1_16' title="bbox 762 1090 1256 1129; baseline 0.002 -8"><span class='ocrx_word' id='word_1_124' title='bbox 762 1090 931 1128; x_wconf 77' lang='lat' dir='ltr'>Species</span> <span class='ocrx_word' id='word_1_125' title='bbox 956 1090 1234 1129; x_wconf 83' lang='lat' dir='ltr'>inquirendae</span> <span class='ocrx_word' id='word_1_126' title='bbox 1248 1099 1256 1122; x_wconf 78' lang='grc' dir='ltr'>ε</span> 
     </span>
    </p>
   </div>
   <div class='ocr_carea' id='block_1_8' title="bbox 163 1165 1864 1422">
    <p class='ocr_par' dir='ltr' id='par_1_8' title="bbox 163 1165 1861 1258">
     <span class='ocr_line' id='line_1_17' title="bbox 163 1165 1861 1215; baseline 0.004 -17"><span class='ocrx_word' id='word_1_127' title='bbox 163 1165 316 1199; x_wconf 74' lang='lat' dir='ltr'>Bubus</span> <span class='ocrx_word' id='word_1_128' title='bbox 342 1166 682 1210; x_wconf 70' lang='lat' dir='ltr'>carpinifolius</span> <span class='ocrx_word' id='word_1_129' title='bbox 709 1167 795 1202; x_wconf 76' lang='lat' dir='ltr'>Wn.</span> <span class='ocrx_word' id='word_1_130' title='bbox 823 1169 935 1202; x_wconf 86' lang='lat' dir='ltr'>NEES</span> <span class='ocrx_word' id='word_1_131' title='bbox 960 1169 1049 1203; x_wconf 85' lang='lat' dir='ltr'>Rub.</span> <span class='ocrx_word' id='word_1_132' title='bbox 1077 1181 1109 1213; x_wconf 92' lang='lat' dir='ltr'>p.</span> <span class='ocrx_word' id='word_1_133' title='bbox 1136 1171 1192 1213; x_wconf 81' lang='lat'>63,</span> <span class='ocrx_word' id='word_1_134' title='bbox 1217 1176 1240 1204; x_wconf 85' lang='lat' dir='ltr'>t.</span> <span class='ocrx_word' id='word_1_135' title='bbox 1270 1171 1331 1214; x_wconf 83' lang='lat'>13,</span> <span class='ocrx_word' id='word_1_136' title='bbox 1357 1169 1430 1204; x_wconf 83' lang='lat' dir='ltr'>GR.</span> <span class='ocrx_word' id='word_1_137' title='bbox 1456 1170 1584 1204; x_wconf 87' lang='lat' dir='ltr'>GODR.</span> <span class='ocrx_word' id='word_1_138' title='bbox 1611 1170 1633 1204; x_wconf 87' lang='lat' dir='ltr'>l.</span> <span class='ocrx_word' id='word_1_139' title='bbox 1660 1181 1688 1204; x_wconf 87' lang='lat' dir='ltr'>c.</span> <span class='ocrx_word' id='word_1_140' title='bbox 1714 1182 1749 1215; x_wconf 88' lang='lat' dir='ltr'>p.</span> <span class='ocrx_word' id='word_1_141' title='bbox 1777 1171 1861 1204; x_wconf 86' lang='lat'>547!</span> 
     </span>
     <span class='ocr_line' id='line_1_18' title="bbox 368 1212 1215 1258; baseline 0.004 -12"><span class='ocrx_word' id='word_1_142' title='bbox 368 1213 404 1246; x_wconf 89' lang='lat' dir='ltr'>in</span> <span class='ocrx_word' id='word_1_143' title='bbox 429 1212 521 1247; x_wconf 81' lang='lat' dir='ltr'>Gall.</span> <span class='ocrx_word' id='word_1_144' title='bbox 547 1213 668 1256; x_wconf 88' lang='lat' dir='ltr'>occid.,</span> <span class='ocrx_word' id='word_1_145' title='bbox 695 1215 929 1258; x_wconf 83' lang='lat' dir='ltr'>probabiliter</span> <span class='ocrx_word' id='word_1_146' title='bbox 955 1217 987 1250; x_wconf 90' lang='lat' dir='ltr'>in</span> <span class='ocrx_word' id='word_1_147' title='bbox 1013 1216 1215 1250; x_wconf 81' lang='lat' dir='ltr'>Cantabria.</span> 
     </span>
    </p>

    <p class='ocr_par' dir='ltr' id='par_1_9' title="bbox 185 1270 1864 1364">
     <span class='ocr_line' id='line_1_19' title="bbox 185 1270 1864 1318; baseline 0.003 -15"><span class='ocrx_word' id='word_1_148' title='bbox 185 1290 227 1293; x_wconf 97' lang='lat'><strong>—</strong></span> <span class='ocrx_word' id='word_1_149' title='bbox 282 1290 316 1293; x_wconf 95' lang='lat'><strong>—</strong></span> <span class='ocrx_word' id='word_1_150' title='bbox 347 1270 566 1313; x_wconf 69' lang='lat' dir='ltr'>Lejeunii</span> <span class='ocrx_word' id='word_1_151' title='bbox 592 1271 679 1305; x_wconf 85' lang='lat' dir='ltr'>WH.</span> <span class='ocrx_word' id='word_1_152' title='bbox 705 1272 817 1307; x_wconf 71' lang='lat' dir='ltr'>Nnns</span> <span class='ocrx_word' id='word_1_153' title='bbox 843 1274 864 1307; x_wconf 92' lang='lat' dir='ltr'>l.</span> <span class='ocrx_word' id='word_1_154' title='bbox 892 1285 919 1307; x_wconf 86' lang='lat' dir='ltr'>c.</span> <span class='ocrx_word' id='word_1_155' title='bbox 947 1286 980 1318; x_wconf 86' lang='lat' dir='ltr'>p.</span> <span class='ocrx_word' id='word_1_156' title='bbox 1008 1275 1062 1314; x_wconf 72' lang='lat'>79,</span> <span class='ocrx_word' id='word_1_157' title='bbox 1090 1281 1104 1308; x_wconf 84' lang='lat' dir='ltr'>t</span> <span class='ocrx_word' id='word_1_158' title='bbox 1142 1276 1205 1318; x_wconf 82' lang='lat'>34;</span> <span class='ocrx_word' id='word_1_159' title='bbox 1232 1273 1303 1317; x_wconf 81' lang='lat' dir='ltr'>GR.</span> <span class='ocrx_word' id='word_1_160' title='bbox 1325 1273 1455 1308; x_wconf 85' lang='lat' dir='ltr'>GODR.</span> <span class='ocrx_word' id='word_1_161' title='bbox 1483 1274 1503 1307; x_wconf 90' lang='lat' dir='ltr'>l.</span> <span class='ocrx_word' id='word_1_162' title='bbox 1531 1285 1559 1307; x_wconf 87' lang='lat' dir='ltr'>c.</span> <span class='ocrx_word' id='word_1_163' title='bbox 1586 1286 1619 1318; x_wconf 87' lang='lat' dir='ltr'>p.</span> <span class='ocrx_word' id='word_1_164' title='bbox 1646 1276 1733 1308; x_wconf 81' lang='lat'>541!</span> <span class='ocrx_word' id='word_1_165' title='bbox 1761 1294 1801 1298; x_wconf 76' lang='lat'>-</span> <span class='ocrx_word' id='word_1_166' title='bbox 1829 1275 1864 1308; x_wconf 90' lang='lat' dir='ltr'>in</span> 
     </span>
     <span class='ocr_line' id='line_1_20' title="bbox 369 1317 1569 1364; baseline 0.001 -13"><span class='ocrx_word' id='word_1_167' title='bbox 369 1317 560 1361; x_wconf 78' lang='lat' dir='ltr'>Pyrenaeis</span> <span class='ocrx_word' id='word_1_168' title='bbox 586 1319 802 1354; x_wconf 86' lang='lat' dir='ltr'>centralibus</span> <span class='ocrx_word' id='word_1_169' title='bbox 827 1320 975 1362; x_wconf 83' lang='lat' dir='ltr'>gallicis,</span> <span class='ocrx_word' id='word_1_170' title='bbox 1004 1321 1078 1354; x_wconf 80' lang='lat' dir='ltr'>sine</span> <span class='ocrx_word' id='word_1_171' title='bbox 1103 1320 1208 1354; x_wconf 84' lang='lat' dir='ltr'>dubio</span> <span class='ocrx_word' id='word_1_172' title='bbox 1234 1321 1340 1355; x_wconf 86' lang='lat' dir='ltr'>etiam</span> <span class='ocrx_word' id='word_1_173' title='bbox 1367 1320 1569 1364; x_wconf 71' lang='lat' dir='ltr'>hispanicis.</span> 
     </span>
    </p>

    <p class='ocr_par' dir='ltr' id='par_1_10' title="bbox 188 1376 1864 1422">
     <span class='ocr_line' id='line_1_21' title="bbox 188 1376 1864 1422; baseline 0.003 -15"><span class='ocrx_word' id='word_1_174' title='bbox 188 1393 229 1397; x_wconf 87' lang='lat'>——</span> <span class='ocrx_word' id='word_1_175' title='bbox 283 1395 322 1398; x_wconf 95' lang='lat'><strong>—</strong></span> <span class='ocrx_word' id='word_1_176' title='bbox 350 1376 548 1409; x_wconf 65' lang='lat' dir='ltr'>ves-titus</span> <span class='ocrx_word' id='word_1_177' title='bbox 574 1376 661 1411; x_wconf 77' lang='lat' dir='ltr'>Wn.</span> <span class='ocrx_word' id='word_1_178' title='bbox 688 1377 799 1412; x_wconf 72' lang='lat' dir='ltr'>Nssns</span> <span class='ocrx_word' id='word_1_179' title='bbox 824 1378 846 1413; x_wconf 91' lang='lat' dir='ltr'>l.</span> <span class='ocrx_word' id='word_1_180' title='bbox 873 1389 901 1412; x_wconf 80' lang='lat' dir='ltr'>c..</span> <span class='ocrx_word' id='word_1_181' title='bbox 929 1390 960 1422; x_wconf 90' lang='lat' dir='ltr'>p.</span> <span class='ocrx_word' id='word_1_182' title='bbox 986 1380 1049 1421; x_wconf 80' lang='lat'>81,</span> <span class='ocrx_word' id='word_1_183' title='bbox 1081 1385 1104 1412; x_wconf 85' lang='lat' dir='ltr'>t.</span> <span class='ocrx_word' id='word_1_184' title='bbox 1133 1380 1194 1420; x_wconf 83' lang='lat'>33,</span> <span class='ocrx_word' id='word_1_185' title='bbox 1227 1377 1298 1412; x_wconf 84' lang='lat' dir='ltr'>GR.</span> <span class='ocrx_word' id='word_1_186' title='bbox 1325 1377 1455 1411; x_wconf 72' lang='lat' dir='ltr'>Goon.</span> <span class='ocrx_word' id='word_1_187' title='bbox 1483 1378 1504 1411; x_wconf 90' lang='lat' dir='ltr'>l.</span> <span class='ocrx_word' id='word_1_188' title='bbox 1531 1390 1559 1413; x_wconf 87' lang='lat' dir='ltr'>c.</span> <span class='ocrx_word' id='word_1_189' title='bbox 1585 1390 1617 1422; x_wconf 87' lang='lat' dir='ltr'>p.</span> <span class='ocrx_word' id='word_1_190' title='bbox 1645 1380 1729 1412; x_wconf 83' lang='lat'>541!</span> <span class='ocrx_word' id='word_1_191' title='bbox 1762 1397 1804 1402; x_wconf 86' lang='lat'>——</span> <span class='ocrx_word' id='word_1_192' title='bbox 1829 1378 1864 1412; x_wconf 91' lang='lat' dir='ltr'>in</span> 
     </span>
    </p>
   </div>
   <div class='ocr_carea' id='block_1_9' title="bbox 371 1421 1865 1514">
    <p class='ocr_par' dir='ltr' id='par_1_11' title="bbox 371 1421 1865 1514">
     <span class='ocr_line' id='line_1_22' title="bbox 371 1421 1865 1469; baseline 0.003 -14"><span class='ocrx_word' id='word_1_193' title='bbox 371 1421 462 1456; x_wconf 85' lang='lat' dir='ltr'>Gall.</span> <span class='ocrx_word' id='word_1_194' title='bbox 498 1423 607 1457; x_wconf 90' lang='lat' dir='ltr'>occid.</span> <span class='ocrx_word' id='word_1_195' title='bbox 639 1431 673 1458; x_wconf 90' lang='lat' dir='ltr'>et</span> <span class='ocrx_word' id='word_1_196' title='bbox 706 1424 898 1469; x_wconf 78' lang='lat' dir='ltr'>Pyrenaeis</span> <span class='ocrx_word' id='word_1_197' title='bbox 931 1425 1077 1460; x_wconf 85' lang='lat' dir='ltr'>central.</span> <span class='ocrx_word' id='word_1_198' title='bbox 1112 1425 1267 1468; x_wconf 66' lang='lat' dir='ltr'>gallicis,</span> <span class='ocrx_word' id='word_1_199' title='bbox 1301 1424 1532 1468; x_wconf 76' lang='lat' dir='ltr'>probabiliter</span> <span class='ocrx_word' id='word_1_200' title='bbox 1567 1425 1602 1458; x_wconf 88' lang='lat' dir='ltr'>in</span> <span class='ocrx_word' id='word_1_201' title='bbox 1628 1423 1793 1459; x_wconf 88' lang='lat' dir='ltr'>Cantabr.</span> <span class='ocrx_word' id='word_1_202' title='bbox 1831 1431 1865 1459; x_wconf 89' lang='lat' dir='ltr'>et</span> 
     </span>
     <span class='ocr_line' id='line_1_23' title="bbox 371 1470 756 1514; baseline 0.01 -13"><span class='ocrx_word' id='word_1_203' title='bbox 371 1470 525 1512; x_wconf 84' lang='lat' dir='ltr'>Aragon.</span> <span class='ocrx_word' id='word_1_204' title='bbox 552 1471 756 1514; x_wconf 81' lang='lat' dir='ltr'>Pyrenaeis.</span> 
     </span>
    </p>
   </div>
   <div class='ocr_carea' id='block_1_10' title="bbox 187 1525 1866 1619">
    <p class='ocr_par' dir='ltr' id='par_1_12' title="bbox 187 1525 1866 1619">
     <span class='ocr_line' id='line_1_24' title="bbox 187 1525 1866 1573; baseline 0.003 -16"><span class='ocrx_word' id='word_1_205' title='bbox 187 1543 228 1546; x_wconf 97' lang='lat'><strong>—</strong></span> <span class='ocrx_word' id='word_1_206' title='bbox 282 1543 321 1548; x_wconf 75' lang='lat'>——</span> <span class='ocrx_word' id='word_1_207' title='bbox 348 1525 564 1560; x_wconf 67' lang='lat' dir='ltr'>horridus</span> <span class='ocrx_word' id='word_1_208' title='bbox 597 1527 759 1561; x_wconf 85' lang='lat' dir='ltr'>HARTM.</span> <span class='ocrx_word' id='word_1_209' title='bbox 795 1528 933 1562; x_wconf 87' lang='lat' dir='ltr'>Handb.</span> <span class='ocrx_word' id='word_1_210' title='bbox 969 1529 1024 1562; x_wconf 86' lang='lat' dir='ltr'>ed.</span> <span class='ocrx_word' id='word_1_211' title='bbox 1051 1531 1089 1563; x_wconf 81' lang='lat'>2.</span> <span class='ocrx_word' id='word_1_212' title='bbox 1120 1541 1153 1573; x_wconf 88' lang='lat' dir='ltr'>p.</span> <span class='ocrx_word' id='word_1_213' title='bbox 1183 1530 1266 1573; x_wconf 77' lang='lat'>1393</span> <span class='ocrx_word' id='word_1_214' title='bbox 1306 1529 1405 1562; x_wconf 75' lang='lat' dir='ltr'>LGE.</span> <span class='ocrx_word' id='word_1_215' title='bbox 1439 1529 1525 1571; x_wconf 78' lang='lat' dir='ltr'>Pug.</span> <span class='ocrx_word' id='word_1_216' title='bbox 1561 1541 1594 1573; x_wconf 90' lang='lat' dir='ltr'>p.</span> <span class='ocrx_word' id='word_1_217' title='bbox 1630 1530 1717 1564; x_wconf 80' lang='lat'>342!</span> <span class='ocrx_word' id='word_1_218' title='bbox 1753 1549 1794 1553; x_wconf 95' lang='lat'>-—</span> <span class='ocrx_word' id='word_1_219' title='bbox 1830 1529 1866 1562; x_wconf 90' lang='lat' dir='ltr'>in</span> 
     </span>
     <span class='ocr_line' id='line_1_25' title="bbox 372 1572 1529 1619; baseline 0.003 -14"><span class='ocrx_word' id='word_1_220' title='bbox 372 1572 564 1616; x_wconf 66' lang='lat' dir='ltr'>Pyrenaeis</span> <span class='ocrx_word' id='word_1_221' title='bbox 591 1575 736 1608; x_wconf 85' lang='lat' dir='ltr'>central.</span> <span class='ocrx_word' id='word_1_222' title='bbox 762 1575 910 1617; x_wconf 84' lang='lat' dir='ltr'>gallicis,</span> <span class='ocrx_word' id='word_1_223' title='bbox 937 1576 1169 1619; x_wconf 78' lang='lat' dir='ltr'>probabiliter</span> <span class='ocrx_word' id='word_1_224' title='bbox 1193 1576 1299 1609; x_wconf 86' lang='lat' dir='ltr'>etiam</span> <span class='ocrx_word' id='word_1_225' title='bbox 1326 1575 1529 1619; x_wconf 78' lang='lat' dir='ltr'>hispanicis.</span> 
     </span>
    </p>
   </div>
   <div class='ocr_carea' id='block_1_11' title="bbox 187 1629 1861 1723">
    <p class='ocr_par' dir='ltr' id='par_1_13' title="bbox 187 1629 1861 1723">
     <span class='ocr_line' id='line_1_26' title="bbox 187 1629 1861 1678; baseline 0.003 -16"><span class='ocrx_word' id='word_1_226' title='bbox 187 1647 230 1650; x_wconf 97' lang='lat'><strong>—</strong></span> <span class='ocrx_word' id='word_1_227' title='bbox 284 1649 313 1652; x_wconf 76' lang='lat'>—</span> <span class='ocrx_word' id='word_1_228' title='bbox 350 1629 527 1664; x_wconf 73' lang='lat' dir='ltr'>Radula</span> <span class='ocrx_word' id='word_1_229' title='bbox 559 1631 643 1665; x_wconf 82' lang='lat' dir='ltr'>WH.</span> <span class='ocrx_word' id='word_1_230' title='bbox 669 1631 781 1666; x_wconf 82' lang='lat' dir='ltr'>NEES</span> <span class='ocrx_word' id='word_1_231' title='bbox 813 1633 835 1666; x_wconf 94' lang='lat' dir='ltr'>l.</span> <span class='ocrx_word' id='word_1_232' title='bbox 861 1644 890 1666; x_wconf 88' lang='lat' dir='ltr'>c.</span> <span class='ocrx_word' id='word_1_233' title='bbox 923 1640 946 1667; x_wconf 92' lang='lat' dir='ltr'>t.</span> <span class='ocrx_word' id='word_1_234' title='bbox 974 1634 1033 1671; x_wconf 74' lang='lat'>39,</span> <span class='ocrx_word' id='word_1_235' title='bbox 1069 1634 1193 1668; x_wconf 85' lang='lat' dir='ltr'>RCHB.</span> <span class='ocrx_word' id='word_1_236' title='bbox 1225 1633 1280 1668; x_wconf 89' lang='lat' dir='ltr'>Fl.</span> <span class='ocrx_word' id='word_1_237' title='bbox 1307 1644 1380 1669; x_wconf 84' lang='lat' dir='ltr'>exc.</span> <span class='ocrx_word' id='word_1_238' title='bbox 1416 1646 1448 1677; x_wconf 90' lang='lat' dir='ltr'>p.</span> <span class='ocrx_word' id='word_1_239' title='bbox 1476 1634 1561 1667; x_wconf 82' lang='lat'>606!</span> <span class='ocrx_word' id='word_1_240' title='bbox 1588 1653 1632 1657; x_wconf 94' lang='lat'>—-</span> <span class='ocrx_word' id='word_1_241' title='bbox 1664 1633 1699 1667; x_wconf 88' lang='lat' dir='ltr'>in</span> <span class='ocrx_word' id='word_1_242' title='bbox 1731 1634 1861 1678; x_wconf 90' lang='lat' dir='ltr'>Pyren.</span> 
     </span>
     <span class='ocr_line' id='line_1_27' title="bbox 370 1677 1269 1723; baseline 0.007 -15"><span class='ocrx_word' id='word_1_243' title='bbox 370 1677 577 1713; x_wconf 77' lang='lat' dir='ltr'>occidental.</span> <span class='ocrx_word' id='word_1_244' title='bbox 604 1678 754 1720; x_wconf 81' lang='lat' dir='ltr'>gallicis.</span> <span class='ocrx_word' id='word_1_245' title='bbox 780 1680 1014 1723; x_wconf 77' lang='lat' dir='ltr'>probabiliter</span> <span class='ocrx_word' id='word_1_246' title='bbox 1038 1681 1072 1713; x_wconf 93' lang='lat' dir='ltr'>in</span> <span class='ocrx_word' id='word_1_247' title='bbox 1097 1680 1269 1714; x_wconf 81' lang='lat' dir='ltr'>Navarra.</span> 
     </span>
    </p>
   </div>
   <div class='ocr_carea' id='block_1_12' title="bbox 630 1799 1395 1855">
    <p class='ocr_par' dir='ltr' id='par_1_14' title="bbox 630 1799 1395 1855">
     <span class='ocr_line' id='line_1_28' title="bbox 630 1799 1395 1855; baseline 0.005 -13"><span class='ocrx_word' id='word_1_248' title='bbox 630 1799 736 1843; x_wconf 88' lang='lat' dir='ltr'>Trib.</span> <span class='ocrx_word' id='word_1_249' title='bbox 774 1800 838 1843; x_wconf 89' lang='lat' dir='ltr'>Ill.</span> <span class='ocrx_word' id='word_1_250' title='bbox 912 1801 1246 1855; x_wconf 83' lang='lat' dir='ltr'>Fragaricae</span> <span class='ocrx_word' id='word_1_251' title='bbox 1284 1802 1395 1846; x_wconf 85' lang='lat' dir='ltr'>LGE.</span> 
     </span>
    </p>
   </div>
   <div class='ocr_carea' id='block_1_13' title="bbox 160 1904 1866 2426">
    <p class='ocr_par' dir='ltr' id='par_1_15' title="bbox 160 1904 1866 2426">
     <span class='ocr_line' id='line_1_29' title="bbox 278 1904 1864 1963; baseline 0.004 -20"><span class='ocrx_word' id='word_1_252' title='bbox 278 1904 512 1948; x_wconf 82' lang='lat' dir='ltr'>DCCLXIX.</span> <span class='ocrx_word' id='word_1_253' title='bbox 564 1908 828 1949; x_wconf 76' lang='lat' dir='ltr'><strong>FRAGARIA</strong></span> <span class='ocrx_word' id='word_1_254' title='bbox 862 1910 901 1951; x_wconf 86' lang='lat' dir='ltr'>L.</span> <span class='ocrx_word' id='word_1_255' title='bbox 937 1910 1037 1951; x_wconf 79' lang='lat' dir='ltr'>Gen.</span> <span class='ocrx_word' id='word_1_256' title='bbox 1071 1910 1119 1962; x_wconf 87' lang='lat' dir='ltr'>pl.</span> <span class='ocrx_word' id='word_1_257' title='bbox 1174 1911 1314 1962; x_wconf 81' lang='lat' dir='ltr'>Sepala</span> <span class='ocrx_word' id='word_1_258' title='bbox 1348 1911 1372 1951; x_wconf 79' lang='lat'>5</span> <span class='ocrx_word' id='word_1_259' title='bbox 1405 1916 1494 1950; x_wconf 81' lang='lat' dir='ltr'>toro</span> <span class='ocrx_word' id='word_1_260' title='bbox 1527 1909 1679 1949; x_wconf 84' lang='lat' dir='ltr'>adnata.</span> <span class='ocrx_word' id='word_1_261' title='bbox 1734 1911 1864 1963; x_wconf 78' lang='lat' dir='ltr'>Phyna</span> 
     </span>
     <span class='ocr_line' id='line_1_30' title="bbox 160 1961 1866 2019; baseline 0.004 -19"><span class='ocrx_word' id='word_1_262' title='bbox 160 1961 184 2000; x_wconf 72' lang='lat'>5</span> <span class='ocrx_word' id='word_1_263' title='bbox 229 1964 378 2014; x_wconf 80' lang='lat' dir='ltr'>sepalis</span> <span class='ocrx_word' id='word_1_264' title='bbox 417 1963 591 2014; x_wconf 79' lang='lat' dir='ltr'>alterna,</span> <span class='ocrx_word' id='word_1_265' title='bbox 637 1967 879 2019; x_wconf 78' lang='lat' dir='ltr'>epicalycem</span> <span class='ocrx_word' id='word_1_266' title='bbox 922 1967 1144 2007; x_wconf 81' lang='lat' dir='ltr'>formantia.</span> <span class='ocrx_word' id='word_1_267' title='bbox 1208 1969 1336 2007; x_wconf 83' lang='lat' dir='ltr'>Petala</span> <span class='ocrx_word' id='word_1_268' title='bbox 1374 1969 1553 2008; x_wconf 81' lang='lat' dir='ltr'>obovata.</span> <span class='ocrx_word' id='word_1_269' title='bbox 1618 1969 1793 2008; x_wconf 79' lang='lat' dir='ltr'>Stamina</span> <span class='ocrx_word' id='word_1_270' title='bbox 1828 1973 1866 2007; x_wconf 84' lang='lat' dir='ltr'>et</span> 
     </span>
     <span class='ocr_line' id='line_1_31' title="bbox 160 2019 1864 2077; baseline 0.004 -20"><span class='ocrx_word' id='word_1_271' title='bbox 160 2019 301 2071; x_wconf 83' lang='lat' dir='ltr'>pistilla</span> <span class='ocrx_word' id='word_1_272' title='bbox 337 2022 469 2061; x_wconf 83' lang='lat' dir='ltr'>multa.</span> <span class='ocrx_word' id='word_1_273' title='bbox 522 2024 620 2074; x_wconf 86' lang='lat' dir='ltr'>Styli</span> <span class='ocrx_word' id='word_1_274' title='bbox 663 2026 849 2064; x_wconf 80' lang='lat' dir='ltr'>laterales</span> <span class='ocrx_word' id='word_1_275' title='bbox 882 2033 1195 2065; x_wconf 68' lang='lat' dir='ltr'>marcescentes.</span> <span class='ocrx_word' id='word_1_276' title='bbox 1250 2026 1397 2066; x_wconf 85' lang='lat' dir='ltr'>Pistilla</span> <span class='ocrx_word' id='word_1_277' title='bbox 1432 2027 1755 2077; x_wconf 75' lang='lat' dir='ltr'>protuberantiao</span> <span class='ocrx_word' id='word_1_278' title='bbox 1790 2027 1864 2065; x_wconf 89' lang='lat' dir='ltr'>tori</span> 
     </span>
     <span class='ocr_line' id='line_1_32' title="bbox 161 2078 1864 2136; baseline 0.005 -21"><span class='ocrx_word' id='word_1_279' title='bbox 161 2078 330 2117; x_wconf 81' lang='lat' dir='ltr'>centrali</span> <span class='ocrx_word' id='word_1_280' title='bbox 361 2082 527 2119; x_wconf 83' lang='lat' dir='ltr'>conicae</span> <span class='ocrx_word' id='word_1_281' title='bbox 561 2081 821 2134; x_wconf 79' lang='lat' dir='ltr'>cllipsoideae</span> <span class='ocrx_word' id='word_1_282' title='bbox 861 2096 894 2122; x_wconf 88' lang='lat' dir='ltr'>v.</span> <span class='ocrx_word' id='word_1_283' title='bbox 928 2083 1171 2136; x_wconf 80' lang='lat' dir='ltr'>cylindricac</span> <span class='ocrx_word' id='word_1_284' title='bbox 1204 2084 1367 2125; x_wconf 87' lang='lat' dir='ltr'>inserta.</span> <span class='ocrx_word' id='word_1_285' title='bbox 1420 2086 1529 2132; x_wconf 84' lang='lat' dir='ltr'>Quae</span> <span class='ocrx_word' id='word_1_286' title='bbox 1566 2084 1864 2136; x_wconf 79' lang='lat' dir='ltr'>protuberantia</span> 
     </span>
     <span class='ocr_line' id='line_1_33' title="bbox 162 2136 1864 2194; baseline 0.005 -22"><span class='ocrx_word' id='word_1_287' title='bbox 162 2141 252 2186; x_wconf 86' lang='lat' dir='ltr'>post</span> <span class='ocrx_word' id='word_1_288' title='bbox 299 2136 482 2176; x_wconf 85' lang='lat' dir='ltr'>antbesin</span> <span class='ocrx_word' id='word_1_289' title='bbox 531 2144 642 2178; x_wconf 81' lang='lat' dir='ltr'>aucta</span> <span class='ocrx_word' id='word_1_290' title='bbox 690 2145 730 2179; x_wconf 90' lang='lat' dir='ltr'>et</span> <span class='ocrx_word' id='word_1_291' title='bbox 774 2141 1010 2180; x_wconf 68' lang='lat' dir='ltr'>maturitatis</span> <span class='ocrx_word' id='word_1_292' title='bbox 1056 2147 1236 2194; x_wconf 82' lang='lat' dir='ltr'>tempore</span> <span class='ocrx_word' id='word_1_293' title='bbox 1281 2141 1717 2181; x_wconf 81' lang='lat' dir='ltr'>carnoso—succulenta</span> <span class='ocrx_word' id='word_1_294' title='bbox 1764 2141 1864 2181; x_wconf 85' lang='lat' dir='ltr'>facta</span> 
     </span>
     <span class='ocr_line' id='line_1_34' title="bbox 163 2192 1864 2250; baseline 0.005 -21"><span class='ocrx_word' id='word_1_295' title='bbox 163 2192 495 2245; x_wconf 83' lang='lat' dir='ltr'>pseudocarpium</span> <span class='ocrx_word' id='word_1_296' title='bbox 532 2197 813 2237; x_wconf 77' lang='lat' dir='ltr'>hncciformem</span> <span class='ocrx_word' id='word_1_297' title='bbox 848 2197 1005 2237; x_wconf 69' lang='lat' dir='ltr'>edulem</span> <span class='ocrx_word' id='word_1_298' title='bbox 1034 2199 1195 2250; x_wconf 76' lang='lat' dir='ltr'>format,</span> <span class='ocrx_word' id='word_1_299' title='bbox 1231 2200 1293 2240; x_wconf 87' lang='lat' dir='ltr'>cui</span> <span class='ocrx_word' id='word_1_300' title='bbox 1319 2200 1487 2239; x_wconf 68' lang='lat' dir='ltr'>nuvulae</span> <span class='ocrx_word' id='word_1_301' title='bbox 1511 2213 1562 2239; x_wconf 84' lang='lat' dir='ltr'>ex</span> <span class='ocrx_word' id='word_1_302' title='bbox 1583 2200 1730 2239; x_wconf 83' lang='lat' dir='ltr'>ovariis</span> <span class='ocrx_word' id='word_1_303' title='bbox 1753 2204 1864 2238; x_wconf 82' lang='lat' dir='ltr'>ortae</span> 
     </span>
     <span class='ocr_line' id='line_1_35' title="bbox 162 2249 1863 2309; baseline 0.005 -22"><span class='ocrx_word' id='word_1_304' title='bbox 162 2249 340 2289; x_wconf 81' lang='lat' dir='ltr'>insident</span> <span class='ocrx_word' id='word_1_305' title='bbox 381 2265 413 2292; x_wconf 86' lang='lat' dir='ltr'>v.</span> <span class='ocrx_word' id='word_1_306' title='bbox 449 2254 662 2293; x_wconf 80' lang='lat' dir='ltr'>immersae</span> <span class='ocrx_word' id='word_1_307' title='bbox 695 2261 798 2294; x_wconf 84' lang='lat' dir='ltr'>sunt.</span> <span class='ocrx_word' id='word_1_308' title='bbox 831 2280 884 2284; x_wconf 85' lang='lat'><strong>—</strong></span> <span class='ocrx_word' id='word_1_309' title='bbox 919 2256 1075 2295; x_wconf 82' lang='lat' dir='ltr'>Herbae</span> <span class='ocrx_word' id='word_1_310' title='bbox 1121 2270 1322 2309; x_wconf 81' lang='lat' dir='ltr'>perennes</span> <span class='ocrx_word' id='word_1_311' title='bbox 1367 2259 1584 2297; x_wconf 84' lang='lat' dir='ltr'>rbizomate</span> <span class='ocrx_word' id='word_1_312' title='bbox 1627 2258 1788 2308; x_wconf 78' lang='lat' dir='ltr'>obliquo</span> <span class='ocrx_word' id='word_1_313' title='bbox 1830 2270 1863 2295; x_wconf 90' lang='lat' dir='ltr'>v.</span> 
     </span>
     <span class='ocr_line' id='line_1_36' title="bbox 163 2307 1863 2368; baseline 0.005 -24"><span class='ocrx_word' id='word_1_314' title='bbox 163 2307 399 2348; x_wconf 82' lang='lat' dir='ltr'>horizontali</span> <span class='ocrx_word' id='word_1_315' title='bbox 424 2322 545 2362; x_wconf 84' lang='lat' dir='ltr'>saepe</span> <span class='ocrx_word' id='word_1_316' title='bbox 569 2312 820 2362; x_wconf 71' lang='lat' dir='ltr'>stolonifero,</span> <span class='ocrx_word' id='word_1_317' title='bbox 856 2314 1035 2353; x_wconf 85' lang='lat' dir='ltr'>caulibus</span> <span class='ocrx_word' id='word_1_318' title='bbox 1059 2315 1304 2367; x_wconf 83' lang='lat' dir='ltr'>suhaphyllis</span> <span class='ocrx_word' id='word_1_319' title='bbox 1330 2315 1577 2368; x_wconf 86' lang='lat' dir='ltr'>simplicibus</span> <span class='ocrx_word' id='word_1_320' title='bbox 1610 2315 1721 2366; x_wconf 82' lang='lat' dir='ltr'>apice</span> <span class='ocrx_word' id='word_1_321' title='bbox 1755 2314 1863 2366; x_wconf 86' lang='lat' dir='ltr'>pani-</span> 
     </span>
     <span class='ocr_line' id='line_1_37' title="bbox 163 2365 1864 2426; baseline 0.005 -26"><span class='ocrx_word' id='word_1_322' title='bbox 163 2365 289 2404; x_wconf 76' lang='lat' dir='ltr'>culum</span> <span class='ocrx_word' id='word_1_323' title='bbox 326 2367 451 2406; x_wconf 84' lang='lat' dir='ltr'>laxam</span> <span class='ocrx_word' id='word_1_324' title='bbox 486 2382 506 2406; x_wconf 86' lang='lat' dir='ltr'>e</span> <span class='ocrx_word' id='word_1_325' title='bbox 540 2370 665 2420; x_wconf 82' lang='lat' dir='ltr'>cymis</span> <span class='ocrx_word' id='word_1_326' title='bbox 699 2370 928 2421; x_wconf 77' lang='lat' dir='ltr'>paucilloris</span> <span class='ocrx_word' id='word_1_327' title='bbox 966 2373 1224 2423; x_wconf 80' lang='lat' dir='ltr'>compositam</span> <span class='ocrx_word' id='word_1_328' title='bbox 1259 2379 1325 2412; x_wconf 86' lang='lat' dir='ltr'>aut</span> <span class='ocrx_word' id='word_1_329' title='bbox 1358 2386 1510 2426; x_wconf 67' lang='lat' dir='ltr'>cymam</span> <span class='ocrx_word' id='word_1_330' title='bbox 1543 2373 1698 2411; x_wconf 90' lang='lat' dir='ltr'>unicam</span> <span class='ocrx_word' id='word_1_331' title='bbox 1732 2370 1864 2410; x_wconf 87' lang='lat' dir='ltr'>feren-</span> 
     </span>
    </p>
   </div>
   <div class='ocr_carea' id='block_1_14' title="bbox 163 2423 1865 2535">
    <p class='ocr_par' dir='ltr' id='par_1_16' title="bbox 163 2423 1865 2535">
     <span class='ocr_line' id='line_1_38' title="bbox 163 2423 1865 2482; baseline 0.004 -22"><span class='ocrx_word' id='word_1_332' title='bbox 163 2423 280 2472; x_wconf 80' lang='lat' dir='ltr'>tibus,</span> <span class='ocrx_word' id='word_1_333' title='bbox 315 2423 421 2463; x_wconf 84' lang='lat' dir='ltr'>foliis</span> <span class='ocrx_word' id='word_1_334' title='bbox 456 2428 637 2465; x_wconf 83' lang='lat' dir='ltr'>ternatis.</span> <span class='ocrx_word' id='word_1_335' title='bbox 673 2427 910 2468; x_wconf 76' lang='lat' dir='ltr'>basilaribus</span> <span class='ocrx_word' id='word_1_336' title='bbox 943 2429 1063 2482; x_wconf 86' lang='lat' dir='ltr'>longe</span> <span class='ocrx_word' id='word_1_337' title='bbox 1098 2431 1315 2482; x_wconf 73' lang='lat' dir='ltr'>petiolatiS,</span> <span class='ocrx_word' id='word_1_338' title='bbox 1348 2431 1513 2470; x_wconf 86' lang='lat' dir='ltr'>floribus</span> <span class='ocrx_word' id='word_1_339' title='bbox 1547 2430 1660 2480; x_wconf 77' lang='lat' dir='ltr'>albis,</span> <span class='ocrx_word' id='word_1_340' title='bbox 1693 2429 1865 2482; x_wconf 86' lang='lat' dir='ltr'>pseudo-</span> 
     </span>
     <span class='ocr_line' id='line_1_39' title="bbox 165 2481 741 2535; baseline 0.01 -18"><span class='ocrx_word' id='word_1_341' title='bbox 165 2481 310 2532; x_wconf 81' lang='lat' dir='ltr'>carpiis</span> <span class='ocrx_word' id='word_1_342' title='bbox 345 2483 511 2521; x_wconf 85' lang='lat' dir='ltr'>maturis</span> <span class='ocrx_word' id='word_1_343' title='bbox 546 2483 741 2535; x_wconf 74' lang='lat' dir='ltr'>pendulis</span> 
     </span>
    </p>
   </div>
   <div class='ocr_carea' id='block_1_15' title="bbox 149 2582 1868 2958">
    <p class='ocr_par' dir='ltr' id='par_1_17' title="bbox 149 2582 1868 2958">
     <span class='ocr_line' id='line_1_40' title="bbox 257 2582 1863 2633; baseline 0.004 -19"><span class='ocrx_word' id='word_1_344' title='bbox 257 2582 358 2615; x_wconf 85' lang='grc'>3445.</span> <span class='ocrx_word' id='word_1_345' title='bbox 402 2584 447 2618; x_wconf 80' lang='lat' dir='ltr'>F.</span> <span class='ocrx_word' id='word_1_346' title='bbox 473 2593 604 2618; x_wconf 82' lang='lat' dir='ltr'>vesca</span> <span class='ocrx_word' id='word_1_347' title='bbox 628 2584 668 2618; x_wconf 89' lang='lat' dir='ltr'>L.</span> <span class='ocrx_word' id='word_1_348' title='bbox 696 2585 777 2619; x_wconf 88' lang='lat' dir='ltr'>Cod.</span> <span class='ocrx_word' id='word_1_349' title='bbox 804 2597 836 2620; x_wconf 88' lang='lat' dir='ltr'>n.</span> <span class='ocrx_word' id='word_1_350' title='bbox 863 2588 972 2621; x_wconf 72' lang='lat'>3769!</span> <span class='ocrx_word' id='word_1_351' title='bbox 1000 2587 1070 2622; x_wconf 85' lang='lat' dir='ltr'>GR.</span> <span class='ocrx_word' id='word_1_352' title='bbox 1090 2588 1219 2623; x_wconf 83' lang='lat' dir='ltr'>GODR.</span> <span class='ocrx_word' id='word_1_353' title='bbox 1247 2589 1269 2622; x_wconf 94' lang='lat' dir='ltr'>l.</span> <span class='ocrx_word' id='word_1_354' title='bbox 1296 2601 1324 2623; x_wconf 89' lang='lat' dir='ltr'>c.</span> <span class='ocrx_word' id='word_1_355' title='bbox 1351 2601 1383 2633; x_wconf 88' lang='lat' dir='ltr'>p.</span> <span class='ocrx_word' id='word_1_356' title='bbox 1406 2591 1492 2623; x_wconf 84' lang='lat'>535!</span> <span class='ocrx_word' id='word_1_357' title='bbox 1519 2588 1670 2622; x_wconf 81' lang='lat' dir='ltr'>HAYNE</span> <span class='ocrx_word' id='word_1_358' title='bbox 1694 2588 1746 2623; x_wconf 90' lang='lat' dir='ltr'>Pl.</span> <span class='ocrx_word' id='word_1_359' title='bbox 1773 2587 1863 2622; x_wconf 85' lang='lat' dir='ltr'>offic.</span> 
     </span>
     <span class='ocr_line' id='line_1_41' title="bbox 163 2626 1866 2679; baseline 0.005 -20"><span class='ocrx_word' id='word_1_360' title='bbox 163 2626 225 2679; x_wconf 49' lang='lat' dir='ltr'>Hs,</span> <span class='ocrx_word' id='word_1_361' title='bbox 251 2633 274 2663; x_wconf 87' lang='lat' dir='ltr'>t.</span> <span class='ocrx_word' id='word_1_362' title='bbox 301 2629 364 2662; x_wconf 78' lang='lat'>26!</span> <span class='ocrx_word' id='word_1_363' title='bbox 414 2628 646 2675; x_wconf 80' lang='lat' dir='ltr'>Stolonifera,</span> <span class='ocrx_word' id='word_1_364' title='bbox 672 2633 865 2666; x_wconf 82' lang='lat' dir='ltr'>rhizomate</span> <span class='ocrx_word' id='word_1_365' title='bbox 892 2634 1102 2668; x_wconf 83' lang='lat' dir='ltr'>horizontali</span> <span class='ocrx_word' id='word_1_366' title='bbox 1128 2642 1162 2669; x_wconf 88' lang='lat' dir='ltr'>et</span> <span class='ocrx_word' id='word_1_367' title='bbox 1188 2636 1443 2679; x_wconf 74' lang='lat' dir='ltr'>adscendente,</span> <span class='ocrx_word' id='word_1_368' title='bbox 1471 2635 1666 2669; x_wconf 86' lang='lat' dir='ltr'>stolonibus</span> <span class='ocrx_word' id='word_1_369' title='bbox 1693 2635 1866 2677; x_wconf 85' lang='lat' dir='ltr'>elongatis</span> 
     </span>
     <span class='ocr_line' id='line_1_42' title="bbox 149 2673 1866 2726; baseline 0.005 -21"><span class='ocrx_word' id='word_1_370' title='bbox 149 2673 385 2724; x_wconf 43' lang='lat' dir='ltr'>’fillformibus</span> <span class='ocrx_word' id='word_1_371' title='bbox 411 2678 600 2718; x_wconf 82' lang='lat' dir='ltr'>prostratis</span> <span class='ocrx_word' id='word_1_372' title='bbox 625 2678 670 2711; x_wconf 84' lang='lat' dir='ltr'>ad</span> <span class='ocrx_word' id='word_1_373' title='bbox 697 2678 805 2713; x_wconf 83' lang='lat' dir='ltr'>nodos</span> <span class='ocrx_word' id='word_1_374' title='bbox 824 2678 1067 2714; x_wconf 84' lang='lat' dir='ltr'>radicantibus</span> <span class='ocrx_word' id='word_1_375' title='bbox 1086 2687 1121 2715; x_wconf 85' lang='lat' dir='ltr'>et</span> <span class='ocrx_word' id='word_1_376' title='bbox 1137 2683 1347 2726; x_wconf 82' lang='lat' dir='ltr'>propagines</span> <span class='ocrx_word' id='word_1_377' title='bbox 1366 2682 1571 2725; x_wconf 70' lang='lat' dir='ltr'>edentibus,</span> <span class='ocrx_word' id='word_1_378' title='bbox 1598 2681 1740 2725; x_wconf 86' lang='lat' dir='ltr'>petiolis</span> <span class='ocrx_word' id='word_1_379' title='bbox 1759 2681 1866 2714; x_wconf 87' lang='lat' dir='ltr'>cauli-</span> 
     </span>
     <span class='ocr_line' id='line_1_43' title="bbox 163 2720 1866 2772; baseline 0.005 -21"><span class='ocrx_word' id='word_1_380' title='bbox 163 2720 228 2753; x_wconf 88' lang='lat' dir='ltr'>bus</span> <span class='ocrx_word' id='word_1_381' title='bbox 253 2720 530 2765; x_wconf 83' lang='lat' dir='ltr'>pedunculisque</span> <span class='ocrx_word' id='word_1_382' title='bbox 548 2729 721 2769; x_wconf 84' lang='lat' dir='ltr'>patenter,</span> <span class='ocrx_word' id='word_1_383' title='bbox 742 2725 926 2769; x_wconf 83' lang='lat' dir='ltr'>pedicellis</span> <span class='ocrx_word' id='word_1_384' title='bbox 944 2726 1212 2772; x_wconf 87' lang='lat' dir='ltr'>foliolormnque</span> <span class='ocrx_word' id='word_1_385' title='bbox 1232 2729 1346 2762; x_wconf 88' lang='lat' dir='ltr'>nervis</span> <span class='ocrx_word' id='word_1_386' title='bbox 1372 2728 1421 2771; x_wconf 90' lang='lat' dir='ltr'>(in</span> <span class='ocrx_word' id='word_1_387' title='bbox 1448 2728 1577 2772; x_wconf 76' lang='lat' dir='ltr'>pagina</span> <span class='ocrx_word' id='word_1_388' title='bbox 1603 2728 1781 2770; x_wconf 88' lang='lat' dir='ltr'>inferiore)</span> <span class='ocrx_word' id='word_1_389' title='bbox 1806 2727 1866 2760; x_wconf 87' lang='lat' dir='ltr'>ad-</span> 
     </span>
     <span class='ocr_line' id='line_1_44' title="bbox 163 2768 1865 2817; baseline 0.005 -19"><span class='ocrx_word' id='word_1_390' title='bbox 163 2776 285 2817; x_wconf 35' lang='lat' dir='ltr'>pre-sse</span> <span class='ocrx_word' id='word_1_391' title='bbox 310 2768 604 2814; x_wconf 65' lang='lat' dir='ltr'>pubescentibusg</span> <span class='ocrx_word' id='word_1_392' title='bbox 638 2771 766 2805; x_wconf 74' lang='lat' dir='ltr'>foliolis</span> <span class='ocrx_word' id='word_1_393' title='bbox 792 2772 869 2805; x_wconf 86' lang='lat' dir='ltr'>basi</span> <span class='ocrx_word' id='word_1_394' title='bbox 894 2772 1132 2815; x_wconf 79' lang='lat' dir='ltr'>integerrimis</span> <span class='ocrx_word' id='word_1_395' title='bbox 1157 2781 1311 2809; x_wconf 89' lang='lat' dir='ltr'>ceterum</span> <span class='ocrx_word' id='word_1_396' title='bbox 1342 2774 1775 2817; x_wconf 79' lang='lat' dir='ltr'>inciso-grosse-serratis,</span> <span class='ocrx_word' id='word_1_397' title='bbox 1806 2773 1865 2806; x_wconf 92' lang='lat' dir='ltr'>ob-</span> 
     </span>
     <span class='ocr_line' id='line_1_45' title="bbox 164 2814 1866 2863; baseline 0.004 -18"><span class='ocrx_word' id='word_1_398' title='bbox 164 2818 272 2863; x_wconf 82' lang='lat' dir='ltr'>tusis,</span> <span class='ocrx_word' id='word_1_399' title='bbox 303 2814 482 2848; x_wconf 84' lang='lat' dir='ltr'>terminali</span> <span class='ocrx_word' id='word_1_400' title='bbox 515 2827 533 2849; x_wconf 87' lang='lat' dir='ltr'>e</span> <span class='ocrx_word' id='word_1_401' title='bbox 558 2817 635 2851; x_wconf 88' lang='lat' dir='ltr'>basi</span> <span class='ocrx_word' id='word_1_402' title='bbox 660 2824 810 2852; x_wconf 82' lang='lat' dir='ltr'>cuneata</span> <span class='ocrx_word' id='word_1_403' title='bbox 835 2825 934 2853; x_wconf 85' lang='lat' dir='ltr'>ovato</span> <span class='ocrx_word' id='word_1_404' title='bbox 964 2820 1110 2854; x_wconf 85' lang='lat' dir='ltr'>obovato</span> <span class='ocrx_word' id='word_1_405' title='bbox 1140 2833 1169 2855; x_wconf 89' lang='lat' dir='ltr'>v.</span> <span class='ocrx_word' id='word_1_406' title='bbox 1197 2822 1451 2858; x_wconf 85' lang='lat' dir='ltr'>subrhombeo,</span> <span class='ocrx_word' id='word_1_407' title='bbox 1487 2820 1693 2855; x_wconf 79' lang='lat' dir='ltr'>lateralibus</span> <span class='ocrx_word' id='word_1_408' title='bbox 1726 2819 1866 2862; x_wconf 89' lang='lat' dir='ltr'>oblique</span> 
     </span>
     <span class='ocr_line' id='line_1_46' title="bbox 164 2860 1868 2911; baseline 0.004 -20"><span class='ocrx_word' id='word_1_409' title='bbox 164 2864 295 2909; x_wconf 38' lang='lat' dir='ltr'>ova-tim</span> <span class='ocrx_word' id='word_1_410' title='bbox 335 2860 493 2895; x_wconf 84' lang='lat' dir='ltr'>caulibus</span> <span class='ocrx_word' id='word_1_411' title='bbox 528 2863 572 2896; x_wconf 84' lang='lat' dir='ltr'>ad</span> <span class='ocrx_word' id='word_1_412' title='bbox 610 2870 722 2898; x_wconf 87' lang='lat' dir='ltr'>ortum</span> <span class='ocrx_word' id='word_1_413' title='bbox 760 2865 946 2908; x_wconf 88' lang='lat' dir='ltr'>paniculae</span> <span class='ocrx_word' id='word_1_414' title='bbox 980 2866 1194 2905; x_wconf 72' lang='lat' dir='ltr'>unifoliatis,</span> <span class='ocrx_word' id='word_1_415' title='bbox 1232 2868 1317 2901; x_wconf 87' lang='lat' dir='ltr'>folio</span> <span class='ocrx_word' id='word_1_416' title='bbox 1352 2867 1494 2911; x_wconf 82' lang='lat' dir='ltr'>saepius</span> <span class='ocrx_word' id='word_1_417' title='bbox 1530 2865 1680 2910; x_wconf 85' lang='lat' dir='ltr'>simplici</span> <span class='ocrx_word' id='word_1_418' title='bbox 1714 2865 1868 2899; x_wconf 85' lang='lat' dir='ltr'>breviter</span> 
     </span>
     <span class='ocr_line' id='line_1_47' title="bbox 164 2905 1867 2958; baseline 0.006 -22"><span class='ocrx_word' id='word_1_419' title='bbox 164 2905 352 2947; x_wconf 77' lang='lat' dir='ltr'>petiolato;</span> <span class='ocrx_word' id='word_1_420' title='bbox 380 2905 526 2942; x_wconf 89' lang='lat' dir='ltr'>floribus</span> <span class='ocrx_word' id='word_1_421' title='bbox 556 2911 682 2942; x_wconf 72' lang='lat'><strong><em>6—7‘¹¹</em></strong></span> <span class='ocrx_word' id='word_1_422' title='bbox 709 2911 830 2955; x_wconf 75' lang='lat' dir='ltr'>diam,</span> <span class='ocrx_word' id='word_1_423' title='bbox 857 2912 977 2955; x_wconf 82' lang='lat' dir='ltr'>calyce</span> <span class='ocrx_word' id='word_1_424' title='bbox 1003 2914 1218 2949; x_wconf 84' lang='lat' dir='ltr'>maturitatis</span> <span class='ocrx_word' id='word_1_425' title='bbox 1243 2921 1399 2958; x_wconf 86' lang='lat' dir='ltr'>tempore</span> <span class='ocrx_word' id='word_1_426' title='bbox 1425 2911 1574 2956; x_wconf 84' lang='lat' dir='ltr'>reflexo,</span> <span class='ocrx_word' id='word_1_427' title='bbox 1600 2911 1867 2956; x_wconf 84' lang='lat' dir='ltr'>pseudocarpiis</span> 
     </span>
    </p>
   </div>
   <div class='ocr_carea' id='block_1_16' title="bbox 165 2951 1866 3042">
    <p class='ocr_par' dir='ltr' id='par_1_18' title="bbox 165 2951 1866 3042">
     <span class='ocr_line' id='line_1_48' title="bbox 165 2951 1866 3032; baseline 0.005 -49"><span class='ocrx_word' id='word_1_428' title='bbox 165 2951 282 3030; x_wconf 56' lang='lat' dir='ltr'>gai-iiis</span> <span class='ocrx_word' id='word_1_429' title='bbox 307 2952 478 3032; x_wconf 62' lang='lat' dir='ltr'>globplsis,</span> <span class='ocrx_word' id='word_1_430' title='bbox 512 2965 533 2988; x_wconf 89' lang='lat' dir='ltr'>a</span> <span class='ocrx_word' id='word_1_431' title='bbox 557 2955 635 2990; x_wconf 89' lang='lat' dir='ltr'>basi</span> <span class='ocrx_word' id='word_1_432' title='bbox 662 2956 706 2990; x_wconf 88' lang='lat' dir='ltr'>ad</span> <span class='ocrx_word' id='word_1_433' title='bbox 732 2957 870 3001; x_wconf 87' lang='lat' dir='ltr'>apicem</span> <span class='ocrx_word' id='word_1_434' title='bbox 895 2958 1041 2992; x_wconf 84' lang='lat' dir='ltr'>nuculas</span> <span class='ocrx_word' id='word_1_435' title='bbox 1067 2962 1285 3004; x_wconf 73' lang='lat' dir='ltr'>gerentibus,</span> <span class='ocrx_word' id='word_1_436' title='bbox 1318 2959 1500 3002; x_wconf 87' lang='lat' dir='ltr'>coccineis,</span> <span class='ocrx_word' id='word_1_437' title='bbox 1524 2958 1625 2992; x_wconf 85' lang='lat' dir='ltr'>valde</span> <span class='ocrx_word' id='word_1_438' title='bbox 1652 2958 1866 2992; x_wconf 85' lang='lat' dir='ltr'>aromaticis.</span> 
     </span>
     <span class='ocr_line' id='line_1_49' title="bbox 194 3002 541 3042; baseline 0.014 -13"><span class='ocrx_word' id='word_1_439' title='bbox 194 3007 237 3030; x_wconf 89' lang='lat' dir='ltr'>au</span> <span class='ocrx_word' id='word_1_440' title='bbox 255 3007 292 3031; x_wconf 89' lang='lat' dir='ltr'>es</span> <span class='ocrx_word' id='word_1_441' title='bbox 319 3005 389 3042; x_wconf 81' lang='lat' dir='ltr'>spit</span> <span class='ocrx_word' id='word_1_442' title='bbox 418 3002 541 3035; x_wconf 87' lang='lat' dir='ltr'>amaei.</span> 
     </span>
    </p>
   </div>
  </div>
 </body>
</html>
