1976 3314
923 99 977 143 21

109 215 230 251 oribus
254 216 308 250 vix
333 219 573 260 radiantibus;
601 219 704 264 stylis
722 218 996 263 divergentibus,
1023 219 1223 265 stylopodio
1241 219 1409 265 depresso
1436 223 1720 267 hemisphaerico
1735 226 1814 261 sub-

106 262 215 347 }riplo
232 263 468 311 longioribus;
493 266 608 301 fructu
634 270 747 307 ovato,
760 267 906 302 ‘aculeis
928 267 1092 311 jugorum
1118 267 1301 302 secundar.
1335 268 1473 304 fun-tus
1498 269 1670 307 diametro
1695 273 1814 317 aequi-

121 323 166 347 on
191 322 232 347 is.

168 322 335 405 gCAST.:
362 371 396 404 in
414 380 500 413 agro
521 370 728 405 Matritensi
747 370 879 414 (VAHL
896 370 1015 405 herb!
1041 370 1153 415 CAV.)
1171 371 1288 406 Molar
1306 371 1438 417 (CUT.).
1459 374 1500 415 Q
1519 372 1601 407 Jun.
1628 386 1658 408 v.
1685 385 1712 409 s.

198 428 294 464 Obs.
344 428 530 472 specimen
554 438 575 462 a
600 427 731 462 Vahlio
758 427 899 471 lectum,
924 426 1015 471 quod
1040 427 1077 460 in
1103 427 1341 472 descriptione
1367 434 1449 464 ante
1475 430 1595 466 oculos
1620 431 1741 476 habui,
1768 433 1810 467 ob

151 474 256 510 flores
281 475 453 520 plurimos
479 475 751 509 umbellularum
777 474 954 509 abortivos
980 474 1049 508 huc
1075 474 1192 519 retuli,
1218 475 1280 509 sed
1332 480 1453 520 ropter
1479 481 1609 512 statum
1635 477 1812 513 fructuum

147 522 340 566 juvenilem
371 521 466 556 haud
491 526 566 556 tute
597 520 825 556 determinari
849 525 981 564 potest,
1016 526 1051 555 et
1076 521 1196 556 forsan
1222 521 1264 555 D.
1320 528 1442 558 arotae
1467 523 1580 558 forma
1605 524 1749 560 humilis
1777 530 1813 560 et

150 568 349 610 gracillima
373 569 497 603 haberi
515 569 637 612 possit.
671 567 882 602 Gracilitate
908 578 1084 602 ramorum
1103 573 1138 602 et
1156 568 1443 612 pedunculorum,
1470 571 1634 606 umbellis
1653 572 1809 618 minutis,

150 611 320 650 involucri
353 615 487 660 phyllis
512 615 676 649 brevibus
702 620 737 649 et
768 625 893 658 parum
920 614 1038 649 divisis
1065 620 1221 649 ceterum
1260 616 1327 650 hoc
1359 616 1538 660 specimen
1570 619 1658 653 satis
1682 629 1810 654 memo-

149 663 262 697 rabile
287 662 435 707 videtur,
461 672 570 706 quare
597 668 634 697 ut
668 661 780 696 denuo
814 661 1034 705 inquiratur,
1068 662 1242 697 botanicis
1268 662 1542 700 Matritensibus
1567 666 1811 701 commendan-

149 709 242 744 dum.

196 779 300 813 2972.
343 781 394 813 D.
421 780 575 813 Carota
600 777 640 812 L.
670 776 752 812 Cod.
775 779 881 812 1944!
909 777 1038 812 GODR.
1065 782 1100 812 et
1117 777 1248 812 GREN.
1275 778 1296 812 l.
1323 789 1352 813 c.
1378 791 1412 823 p.
1440 780 1527 815 665!
1565 780 1621 815 Fl.
1640 780 1718 815 dan.
1736 781 1810 816 tab.

103 827 187 861 723!
237 825 363 860 RCHB.
388 825 411 860 l.
446 836 476 860 c.
502 825 576 860 tab.
610 826 692 859 159!
728 824 863 858 Radice
889 824 988 864 albo,
1025 825 1126 859 caule
1159 824 1272 867 magis
1298 825 1454 861 minusve
1479 832 1673 862 retrorsum
1698 827 1811 873 hispi-

105 872 204 913 dulo,
240 872 401 908 solitario
426 884 455 906 v.
482 881 524 906 ex
541 872 631 906 collo
656 871 836 916 pluribus,
863 871 1033 909 ramosis,
1058 872 1208 917 foliatis,
1238 872 1391 916 1—2¹s2‘
1417 873 1458 918 l.;
1483 873 1578 909 foliis
1603 874 1755 919 hispidis
1779 886 1809 909 v.

102 919 370 963 glabriusculis,
397 918 765 963 2—3—pinnatisectis,
792 919 984 961 segmentis
1002 918 1195 953 linearibus
1220 930 1250 952 v.
1275 918 1335 953 fol.
1360 919 1462 955 infer.
1488 921 1708 961 lanceolatis,
1733 921 1810 966 pin-

100 966 268 1011 natifidis,
287 966 427 1001 laciniis
445 966 580 1006 acutis;
606 965 763 999 umbella
778 965 987 1010 majuscula,
1013 965 1116 1008 longe
1139 965 1389 1010 pedunculata,
1416 967 1671 1011 multiradiata‚
1698 968 1809 1004 radiis

99 1013 200 1048 valde
234 1013 512 1057 inaequilongis,
550 1012 690 1045 demum
724 1012 1132 1055 urceolato-contractis;
1172 1012 1341 1047 involucri
1377 1014 1510 1058 phyllis
1552 1015 1811 1059 pinnatisectis,

103 1059 304 1095 involucelli
329 1060 463 1104 phyllis
482 1059 788 1103 lineari-setaceis,
813 1059 970 1101 margine
989 1060 1279 1103 membranaceis,
1306 1059 1448 1105 ciliatis,
1473 1061 1621 1105 integris
1646 1074 1676 1097 v.
1703 1064 1810 1097 2—3·

106 1107 205 1151 fidis,
233 1107 426 1141 umbellula
459 1106 675 1149 longioribus
707 1118 736 1140 v.
768 1105 1005 1149 aequilongis;
1042 1105 1129 1141 flore
1155 1106 1331 1140 umbellae
1365 1108 1514 1143 centrali
1540 1109 1657 1153 typice
1683 1109 1809 1154 sterili,

102 1160 379 1198 atropurpure03
406 1153 534 1197 petalis
560 1153 666 1196 albis,
693 1152 928 1187 exterioribus
952 1152 1187 1197 radiantibus,
1212 1153 1385 1197 profunde
1410 1155 1645 1199 inaequaliter
1670 1156 1811 1199 bilobis,

101 1201 202 1246 stylis
230 1200 428 1245 stylopodio
454 1200 623 1244 depresso
649 1199 707 1234 vix
733 1199 840 1243 duplo
866 1199 1105 1244 longioribus;
1130 1200 1247 1234 fructu
1269 1201 1548 1247 ovali-elliptico,
1573 1202 1706 1238 aculeis
1731 1203 1811 1239 basi

99 1247 292 1291 distinctis,
318 1247 565 1291 glochidiatis,
592 1246 764 1281 diametro
790 1246 992 1291 mericarpii
1019 1247 1319 1291 subaequilongis.

195 1306 236 1340 In
262 1305 369 1350 agris,
396 1305 441 1340 ad
465 1315 579 1349 sepes,
605 1310 671 1339 etc.
698 1315 763 1350 per
787 1310 898 1339 totam
923 1305 1024 1349 Hisp.
1050 1304 1186 1350 passim
1203 1304 1380 1350 frequens,
1404 1306 1507 1351 impr.
1533 1306 1570 1341 in
1586 1316 1682 1351 prov.
1709 1308 1809 1342 bore-

145 1352 272 1387 alibus.
301 1354 341 1395 Q
368 1351 591 1396 ‹lun—Aug.
618 1364 648 1386 v.
674 1351 768 1386 v.-N.
794 1364 824 1386 v.
862 1351 1104 1397 »Zauahoria,
1131 1351 1170 1386 Z.
1197 1352 1393 1389 silvestre.«
1431 1353 1544 1389 Catal.
1572 1353 1810 1400 ›Bufanagas‚

146 1398 343 1443 Safanoria,
368 1399 583 1443 Pastanaga,
608 1398 906 1442 Bestenaguera.«
942 1399 1084 1435 Valent.
1113 1398 1353 1435 »Safanoria.«

192 1458 283 1493 Hab.
309 1457 345 1492 in
370 1457 517 1503 Europa
541 1463 627 1493 tota.

190 1528 209 1549 '³‘
234 1529 337 1562 2973.
369 1530 419 1562 D.
447 1529 686 1562 maritimus
711 1527 816 1563 LAM.
842 1528 923 1563 dict.
948 1527 976 1571 I,
1000 1540 1034 1572 p.
1062 1528 1148 1571 6343
1174 1525 1306 1562 GODR.
1332 1531 1368 1562 et
1392 1526 1522 1562 GREN.
1548 1527 1571 1563 l.
1597 1539 1627 1564 c.
1652 1540 1688 1574 p.
1721 1529 1801 1566 6651

97 1575 226 1610 BOISS.
252 1586 328 1620 voy.
354 1586 389 1618 p.
415 1576 500 1609 259!
536 1575 661 1608 RCHB.
680 1575 701 1609 l.
726 1587 754 1610 c.
773 1576 845 1610 tab.
874 1576 959 1609 160!
986 1574 1106 1619 (male)
1134 1573 1245 1608 WBB.
1264 1574 1331 1609 iter
1354 1586 1388 1619 p.
1414 1576 1477 1609 441
1504 1574 1587 1610 Diff.
1605 1586 1625 1610 a
1642 1576 1807 1620 praeced.

99 1622 240 1658 statura
266 1621 472 1665 graciliore,
497 1621 591 1656 foliis
608 1621 856 1664 glabrioribus,
874 1621 1012 1665 lucidis,
1031 1620 1287 1663 crassiusculis,
1314 1622 1505 1665 segmentis
1523 1622 1582 1657 fol.
1600 1623 1808 1659 inferiorum

96 1668 328 1712 brevioribus,
353 1668 508 1703 umbella
525 1668 674 1714 minore,
700 1669 811 1704 radiis
828 1668 1054 1714 paucioribus
1079 1672 1114 1704 et
1132 1668 1392 1713 gracilioribus,
1417 1669 1660 1704 maturitatem
1684 1680 1807 1707 versus

96 1715 211 1750 minus
236 1715 439 1760 contractis,
465 1715 663 1750 involucelli
690 1716 824 1761 phyllis
850 1715 985 1759 rigidis,
1011 1715 1433 1760 lanceolam-linearibus,
1459 1716 1692 1761 acuminatis,
1716 1717 1807 1753 cari-

95 1763 200 1807 natis,
225 1762 475 1807 integerrimis,
501 1763 684 1805 angustius
709 1761 1222 1807 membranaceo-marginatis,
1255 1762 1386 1807 petalis
1412 1763 1646 1800 exterioribus
1669 1764 1728 1799 vix
1752 1774 1806 1800 ra-

95 1809 284 1845 diantibus.

188 1866 229 1900 In
255 1866 341 1901 locis
368 1866 561 1910 sterilibus,
586 1865 748 1910 rupibus,
774 1866 967 1911 praecipue
991 1866 1181 1902 maritimis
1205 1866 1340 1912 passim
1358 1877 1380 1902 a
1403 1877 1475 1911 reg.
1501 1867 1604 1903 calid.
1631 1868 1676 1905 ad
1700 1876 1808 1906 mont.

143 1913 218 1948 inf.:
245 1912 382 1947 Gallec.
400 1912 446 1948 ad
463 1913 586 1948 littora
603 1912 734 1948 Oceani
759 1924 812 1958 pr.
830 1913 946 1949 Cobas
966 1913 1112 1959 (LGE.)!
1147 1913 1258 1949 Catal.
1285 1913 1473 1949 maritimis
1499 1915 1670 1962 (COLM.);
1695 1917 1806 1962 Arag.

143 1965 253 1995 austr.
279 1959 324 1994 ad
348 1959 491 1995 Beceite
517 1960 560 2005 (5³)
587 1960 729 2005 (PARD.
763 1972 790 1996 s.
817 1971 850 1995 n.
876 1960 918 1995 D.
944 1961 1201 2006 mauritanici)!
1242 1961 1372 1996 Murc.:
1398 1962 1434 1996 in
1464 1963 1560 2006 agris
1595 1963 1641 1999 ad
1666 1964 1807 2000 Murcia

142 2006 288 2051 (LGE.)!
313 2006 433 2042 Boet:
459 2007 673 2052 Alpujarras
697 2007 857 2052 (BOISS.)
884 2012 920 2043 et
946 2008 982 2042 in
998 2013 1074 2044 tota
1097 2008 1196 2045 Boet.
1223 2008 1401 2043 maritima
1419 2008 1573 2055 (WBB.).
1594 2031 1636 2036 —
1656 2013 1697 2054 Q
1715 2011 1805 2058 Maj.

143 2053 276 2089 —Now
304 2066 333 2088 v.
359 2065 388 2088 v.

187 2111 278 2146 Hab.
306 2121 444 2155 quoque
469 2111 505 2146 in
530 2110 649 2147 Gallia
673 2110 945 2153 mediterranea,
971 2111 1110 2147 Sardin.
1130 2112 1245 2156 Cors,
1272 2112 1381 2159 sicil„
1406 2114 1506 2160 Ital.‚
1532 2114 1655 2151 Africa
1678 2116 1753 2154 bor.
1771 2115 1805 2162 (9

141 2158 184 2193 D.
211 2157 423 2204 parviflorus
447 2158 570 2193 DESF.
596 2168 665 2194 sec.
693 2158 836 2194 WEBB.
862 2160 932 2194 huc
957 2160 1138 2205 pertinet).

138 2239 157 2261 *
181 2243 343 2275 serratus
368 2238 468 2274 LGE.
493 2239 581 2283 Pug.
607 2252 640 2285 p.
668 2241 753 2275 236!
785 2240 828 2275 D.
853 2246 1012 2277 serratus
1030 2241 1167 2277 MORIS
1184 2240 1219 2276 fl.
1238 2241 1338 2277 Sard.
1358 2242 1405 2289 II,
1429 2254 1463 2288 p.
1490 2243 1570 2286 261,
1595 2243 1668 2279 tab.
1694 2244 1740 2279 77
1757 2244 1799 2281 bl

299 2285 429 2322 GODR.
456 2291 492 2322 et
516 2285 646 2322 GREN.
679 2287 702 2322 l.
728 2298 757 2322 c.
783 2300 816 2332 p.
844 2289 932 2324 666!
982 2288 1112 2324 Differt
1144 2299 1166 2324 a
1190 2288 1232 2323 D.
1270 2289 1386 2324 marit.
1420 2290 1552 2335 typico.
1576 2291 1677 2336 cujus
1702 2296 1799 2327 certe

299 2333 455 2368 varietas
480 2333 645 2369 habenda
671 2341 735 2380 est,
761 2335 895 2370 aculeis
917 2335 1083 2379 jugorum
1110 2335 1399 2371 secundariorum
1422 2337 1606 2383 brevibus,
1631 2337 1798 2374 dentifor·

301 2380 428 2424 mibus,
454 2380 763 2426 adscendentibus,
789 2382 866 2416 basi
893 2381 1151 2418 confluentibus
1170 2384 1436 2428 marginemque
1454 2390 1627 2420 serratum
1644 2386 1797 2422 forman-

299 2426 404 2461 tibus.

183 2483 224 2518 In
250 2484 392 2521 ericetis
418 2486 634 2531 rupibusque
659 2486 847 2522 maritimis
873 2487 919 2522 ad
944 2487 1057 2522 Cobas
1082 2487 1264 2523 Galleciae
1291 2487 1438 2533 (LGE.!)

182 2540 280 2577 Obs.
329 2541 381 2577 Ob
407 2543 561 2578 omnium
592 2544 666 2579 fere
699 2545 947 2579 characterum
980 2545 1023 2580 D.
1058 2545 1208 2581 Car-otae
1242 2547 1517 2582 inconstantiam
1542 2547 1648 2582 facile
1674 2548 1794 2584 crede-

134 2599 220 2632 rem,
246 2589 289 2623 D.
315 2589 529 2624 maritimum
554 2591 660 2635 hujus
678 2601 757 2627 esse
781 2591 930 2627 formam
947 2593 1151 2636 regionibus
1169 2593 1384 2629 littoralibus
1407 2594 1520 2638 magis
1546 2595 1737 2639 propriam,
1757 2601 1794 2631 ut

130 2636 204 2680 jam
231 2636 308 2670 cell.
335 2635 466 2670 WEBB
499 2642 535 2672 et
566 2638 695 2673 BOISS.
723 2638 891 2683 suspicati
917 2645 1008 2676 sunt.
1044 2640 1230 2675 Structura
1255 2641 1457 2675 aculeorum
1482 2641 1525 2675 D.
1555 2643 1683 2677 serrati
1700 2643 1791 2678 Mor.

132 2682 374 2717 characterem
401 2684 605 2728 specificum
630 2695 714 2720 sane
739 2685 910 2730 optimum
925 2686 1125 2731 praeberet,
1152 2688 1181 2722 si
1207 2687 1309 2722 modo
1335 2693 1499 2723 constans
1525 2693 1630 2724 esset.
1679 2689 1746 2724 Sed
1773 2701 1791 2725 e

130 2729 323 2765 seminibus
339 2730 383 2766 D.
403 2730 571 2765 maritimi
589 2731 698 2776 typici
715 2732 903 2776 (fructibus
920 2734 1024 2777 longe
1041 2734 1230 2778 aculeatis)
1248 2734 1471 2769 educavimus
1490 2736 1683 2779 specimina
1700 2736 1791 2772 fruc-

129 2775 224 2811 tibus
242 2776 380 2811 omnino
405 2777 447 2811 D.
476 2778 604 2812 serrati
629 2779 792 2822 praedita
817 2780 924 2823 (quod
941 2791 1080 2824 quoque
1104 2786 1258 2816 testatur
1282 2781 1324 2816 cl.
1344 2782 1460 2816 TIMB.
1486 2782 1676 2817 LAGRAV.
1703 2784 1725 2818 l.
1743 2785 1788 2828 c.)

130 2827 166 2857 et
189 2823 224 2857 in
242 2822 364 2857 eadem
382 2824 537 2859 umbella
554 2824 596 2858 D.
616 2825 784 2860 maritimi
799 2826 892 2861 inter
912 2827 1047 2862 fructus
1065 2828 1167 2871 longe
1192 2828 1374 2863 aculeatos
1396 2836 1584 2865 occurrunt
1600 2830 1789 2874 aliquando

130 2868 265 2905 fructus
289 2871 434 2916 serrati,
468 2881 577 2915 quare
603 2872 744 2906 minime
770 2874 907 2918 species
931 2880 1097 2910 constans
1122 2875 1249 2910 haberi
1272 2879 1399 2920 potest.

176 2939 279 2974 2974.
329 2942 378 2975 D.
426 2944 636 2976 maximus
661 2942 781 2977 DEsF.
809 2942 882 2977 Atl.
908 2943 936 2986 I,
966 2956 1001 2988 p.
1028 2945 1115 2979 241!
1165 2944 1296 2980 GOD'R.
1331 2950 1365 2980 et
1388 2945 1517 2980 GREN.
1545 2945 1566 2980 1.
1586 2957 1614 2981 c.
1641 2959 1674 2991 p.
1700 2947 1785 2980 667!

84 2984 214 3020 BOISS.
240 2998 316 3032 voy.
340 2999 374 3033 p.
400 2988 488 3022 259!
524 2988 649 3024 RCHB.
676 2989 697 3023 l.
723 3001 751 3024 c.
776 2990 848 3024 tab.
875 2992 960 3027 162!
1001 2990 1131 3026 Differt
1156 3002 1176 3026 a
1202 2993 1244 3027 D.
1271 2993 1435 3028 Carota
1461 2992 1560 3028 caule
1587 2993 1785 3029 robustiore

92 612 110 625 ἐφ
