1976 3314
82 3132 100 3149 ,Ο

949 92 1044 137 247

446 336 642 380 XXIV.
716 336 868 408 Ordo
907 337 1538 388 LEGUMINOSARUM.

536 440 646 485 Fam.
690 441 796 486 116.
868 441 1326 488 PAPILIONACEAE
1362 441 1449 490 L*

258 550 429 600 Herbae,
465 551 711 603 suffrutices,
744 552 925 602 frutices,
958 553 1089 593 rarius
1123 554 1291 596 arbores
1316 557 1612 607 soliisalternis
1637 561 1846 614 stipulatis,

141 609 381 660 saepissime
405 611 641 662 compositis
665 611 869 662 (pinnatis,
902 611 1097 665 digitalis,
1121 613 1393 665 tril'oliolatis),
1426 617 1558 656 rarius
1583 618 1843 670 simplicibus.

141 667 319 718 Stipulae
353 668 574 719 petiolares
607 681 643 710 V.
679 668 917 710 caulinares.
982 670 1120 710 Flores
1156 671 1392 725 plerumque
1431 672 1746 727 hermaphroditi
1783 692 1843 718 ra-

140 726 307 776 cemosi,
340 727 494 778 spicati,
525 726 729 767 umbellati
754 741 788 766 v.
812 729 987 780 capitati,
1018 729 1148 768 rarius
1183 730 1368 784 solitarii,
1399 733 1636 785 pedunculis
1670 737 1844 776 axillari-

139 783 213 824 bus
247 784 378 825 rarius
412 785 702 835 terminalibus,
737 785 947 838 pedicellis
981 799 1104 839 saepe
1138 789 1369 830 articulatis.
1436 792 1580 844 Sepala
1612 794 1845 835 normaliter

141 841 165 881 5
198 847 286 882 toro
319 843 437 883 disci·
472 857 506 883 v.
538 844 764 896 pelvisormi
799 844 940 885 adnata
975 850 1093 897 atque
1125 846 1227 888 ultra
1261 853 1390 889 torum
1425 855 1638 891 connatam
1673 853 1710 891 in
1736 854 1841 907 caly-

139 913 225 940 cem
260 902 581 955 campanulatum
616 916 651 944 v,
686 904 913 943 tubulosum
946 905 1177 951 regularem
1212 919 1245 945 v.
1279 907 1532 960 bilabiatum,
1579 909 1698 950 limbo
1732 913 1843 952 varie

139 960 321 1002 formato.
377 960 538 1001 Corolla
571 961 860 1013 papilionacea,
892 962 1036 1014 petalis
1071 962 1094 1002 5
1128 969 1217 1003 toro
1250 971 1315 1006 aut
1347 966 1460 1007 disco
1494 973 1624 1008 torum
1654 970 1844 1010 vestienti

138 1021 303 1060 insertis
336 1019 476 1059 liberis
510 1033 602 1060 raro
636 1019 795 1060 inferne
830 1021 867 1059 in
901 1021 1035 1060 tubum
1072 1024 1253 1062 connatis
1286 1026 1536 1078 consistens,
1567 1028 1699 1078 petalo
1725 1041 1841 1081 supe-

137 1081 244 1121 riore
278 1079 463 1131 (vexillo)
496 1080 533 1118 in
569 1079 769 1119 alabastro
805 1079 1044 1132 complicato
1079 1081 1209 1131 petala
1243 1088 1380 1123 cetera
1414 1084 1668 1137 includente,
1700 1088 1843 1139 petalis

138 1139 161 1179 2
194 1138 429 1179 lateralibus
469 1139 665 1190 oppositis
707 1138 1010 1190 liomomorpbis
1052 1139 1183 1191 (alis),
1226 1141 1370 1182 infimis
1414 1141 1438 1181 2
1472 1143 1675 1195 parallelis
1723 1158 1843 1186 secus

137 1198 358 1251 marginem
403 1203 614 1238 externum
662 1198 902 1250 saepissime
935 1197 1092 1237 coalitis
1126 1198 1300 1250 ideoque
1333 1201 1506 1253 petalum
1542 1203 1699 1243 unicum
1734 1206 1843 1244 navi—

136 1256 271 1297 culare
324 1257 539 1311 (carinam)
591 1257 873 1307 sormantibus,
941 1256 1045 1308 quod
1112 1259 1305 1310 genitalia
1372 1259 1610 1313 plerumque
1663 1262 1841 1305 includit.

135 1315 299 1369 (Petalis
346 1316 598 1357 intermediis
633 1322 672 1357 et
705 1316 848 1356 infimis
883 1328 955 1368 per
986 1317 1093 1367 paria
1129 1317 1338 1370 dispositis
1380 1319 1659 1362 deficientibus
1692 1322 1842 1363 corolla

135 1376 388 1428 monopetala
433 1376 592 1425 evadit,
640 1375 676 1414 id
724 1375 828 1427 quod
870 1387 949 1414 non
984 1376 1059 1414 nisi
1094 1377 1134 1416 in
1168 1390 1322 1430 genere
1356 1378 1603 1431 Amorpha
1635 1381 1842 1435 occurrit).

137 1435 313 1475 Stamina
352 1434 402 1475 10
434 1448 523 1475 cum
556 1434 700 1487 petalis
744 1435 920 1484 inserta,
965 1435 1188 1488 perigyna,
1232 1437 1498 1490 monadelplia
1547 1451 1583 1480 v,
1629 1439 1843 1492 diadelplia

135 1492 177 1544 (i.
211 1506 246 1533 e.
281 1494 450 1533 stamine
484 1494 696 1545 superiore
729 1493 871 1541 libero,
903 1493 1117 1533 filamentis
1152 1496 1363 1536 staminum
1388 1502 1616 1537 ceterorum
1641 1498 1677 1537 in
1705 1499 1841 1538 tubum

135 1552 266 1592 antice
298 1551 647 1604 longitudinaliter
678 1552 816 1591 fissum
851 1551 1076 1603 connatis),
1109 1565 1202 1592 raro
1236 1554 1387 1604 libera,
1421 1555 1635 1595 filamentis
1670 1557 1840 1597 adscen-

135 1610 333 1661 dentibus,
366 1610 558 1650 antherae
592 1611 733 1650 loculis
767 1609 791 1649 2
825 1610 1064 1662 saepissime
1098 1612 1197 1651 rima
1226 1612 1505 1661 longitudinali
1529 1614 1745 1655 introrsum
1771 1615 1840 1655 de-

134 1669 397 1709 hiscentibus.
459 1669 651 1709 Pistillum
686 1670 845 1709 unicum
880 1681 1083 1720 superum,
1117 1671 1253 1710 ovario
1288 1670 1415 1711 libero
1450 1685 1471 1712 e
1506 1672 1602 1712 folio
1626 1673 1840 1726 carpellari

132 1728 252 1767 unico
287 1727 471 1767 formato.
508 1729 613 1781 stylo
647 1729 837 1781 e'ongato
872 1726 1160 1779 adscendente,
1196 1729 1386 1782 stigmate
1421 1731 1620 1771 terminali
1654 1738 1720 1772 aut
1741 1732 1838 1772 late-

133 1786 218 1827 rali.
282 1786 450 1825 Fructus
494 1787 625 1826 siccus
666 1784 776 1833 (raro
814 1786 1090 1826 sub‹·arnosus
1124 1800 1157 1825 v.
1191 1788 1454 1840 spongiosus)
1500 1788 1840 1843 1-polyspermus,

131 1845 261 1884 rarius
295 1843 556 1884 indehiscens
591 1850 652 1884 aut
688 1857 739 1883 ex
772 1844 949 1883 articulis
985 1847 1282 1897 monospermis
1317 1859 1393 1886 non
1429 1847 1734 1889 dehiscentibus
1770 1849 1834 1889 de-

132 1916 235 1942 mum
270 1902 506 1954 plerumque
540 1901 827 1942 secedentibus
862 1901 1110 1954 compositus
1144 1902 1411 1957 (lomentum),
1444 1907 1683 1957 saepissime
1717 1919 1837 1948 secus

132 1966 308 2001 suturam
344 1961 563 2000 ventralem
597 1966 635 2000 et
668 1960 869 1999 dorsalem
906 1960 1149 2012 dehiscens,
1180 1961 1373 2013 bivalvis,
1410 1963 1672 2005 unilocularis
1707 1965 1837 2019 (legu-

133 2017 254 2069 men).
299 2019 460 2059 Semina
492 2025 656 2060 suturae
690 2018 859 2058 ventrali
895 2018 1134 2071 (superiori)
1168 2020 1214 2060 ad
1251 2022 1451 2062 valvarum
1489 2023 1692 2075 margines
1717 2024 1836 2063 alter-

129 2078 252 2116 natim
301 2076 438 2127 affixa,
482 2083 673 2129 anatropa
719 2081 785 2117 aut.
831 2077 1105 2129 ampliitropa,
1158 2079 1428 2131 perispermio
1468 2082 1656 2121 coriaceo
1706 2083 1836 2122 rarius

130 2135 454 2184 membranaceo,
490 2136 689 2176 albumine
723 2134 830 2174 nullo
866 2148 899 2174 ν.
933 2136 1185 2187 parcissimo,
1218 2138 1452 2191 embryonis
1486 2138 1662 2179 radicula
1683 2141 1834 2192 saepis-

131 2192 230 2233 sime
264 2193 411 2233 inflexa
445 2206 606 2246 supera,
637 2192 946 2246 cotyledonibus
981 2194 1323 2237 accumbentibus,

719 2318 1003 2364 Conspectus
1028 2319 1233 2356 tribuum.

128 2398 227 2432 Trib.
253 2398 285 2432 I.
335 2397 570 2442 Hedysctreae
591 2398 643 2432 *³42
693 2399 919 2443 Lomentum,
947 2411 1028 2434 raro
1055 2400 1190 2436 fructus
1218 2401 1427 2445 spongiosus
1453 2402 1709 2446 oligospermus
1734 2402 1830 2437 inde-

333 2445 485 2480 hiseens.
536 2444 693 2480 Stamina
719 2446 935 2491 diadelpha,
975 2448 1157 2483 rarissime
1183 2448 1431 2492 monadelpha.
1482 2449 1585 2484 Folia
1610 2449 1830 2494 impari-pin-

333 2497 428 2536 nata,
453 2502 535 2526 raro
564 2493 746 2538 simplicia.
798 2494 1031 2539 Cotyledones
1057 2501 1139 2540 post
1166 2495 1458 2539 germinationem
1485 2495 1625 2541 epigaei
1650 2496 1800 2531 foliaeei.

126 2549 225 2584 Trib.
252 2550 308 2586 II.
358 2550 610 2594 Asa-assatam.
660 2552 844 2595 Legumen
880 2553 1036 2595 bivalve,
1076 2559 1200 2588 sutura
1236 2559 1296 2589 aut
1330 2553 1464 2588 (lorsali
1489 2560 1550 2589 aut
1575 2554 1723 2589 ventrali
1748 2555 1828 2599 plus

331 2597 446 2631 minus
472 2598 609 2633 intrusa
637 2599 811 2642 complete
836 2612 865 2634 v.
893 2600 1106 2644 incomplete
1131 2601 1337 2646 biloculare,
1363 2601 1479 2635 rarius
1499 2601 1726 2639 uniloeulare,
1753 2612 1829 2636 sae-

332 2644 411 2688 pius
436 2644 668 2681 indehiscens.
718 2646 823 2681 Folia
847 2647 1160 2692 impari-pinnata,
1186 2659 1266 2682 raro
1292 2648 1554 2692 pari-pinnata,
1580 2648 1827 2692 primordialia

330 2691 479 2726 alterna.
529 2691 687 2727 Stamina
715 2698 748 2728 et
773 2694 997 2739 cotyledones
1026 2700 1063 2729 ut
1089 2694 1124 2729 in
1149 2694 1379 2740 Hedysareis.

124 2746 223 2781 Tn'b.
249 2747 328 2782 III.
379 2748 566 2793 Galeyecte.
616 2749 797 2793 Legumen
814 2751 949 2786 bivalve
968 2752 1198 2794 uniloeulare,
1216 2752 1393 2788 interdum
1412 2751 1635 2787 indehiscens
1653 2752 1706 2787 vel
1723 2754 1826 2798 apice

329 2795 441 2830 solum
468 2796 582 2831 hians.
631 2797 789 2832 Stamina
814 2798 1016 2843 diadelpha.
1065 2799 1168 2835 Folia
1207 2799 1501 2844 impari-pinnata
1537 2811 1566 2833 v.
1604 2799 1823 2845 trifoliolata‚

328 2842 572 2888 primordialia
599 2845 761 2889 opposita
787 2851 847 2880 aut
873 2845 1021 2881 alterna.
1061 2845 1295 2891 Cotyledones
1321 2844 1457 2890 epigaei
1482 2845 1634 2881 foliacei.

191 2946 205 2960 *
226 2944 357 2971 Auctore
376 2947 570 2971 XVILle'OMM.

174 2977 208 2995 **
228 2979 403 3006 Lomentum
425 2989 459 3006 ex
479 2989 543 3007 mea
563 2983 709 3007 sententia
731 2983 843 3008 fruetus
866 2985 961 3009 minus
982 2986 1125 3016 perfectus
1152 2990 1194 3009 est
1215 2991 1301 3015 quam
1334 2986 1485 3017 legumen,
1513 2993 1600 3019 quam
1636 2988 1671 3013 ob
1704 2995 1818 3013 causan]

118 3013 357 3044 nedysarearum
377 3017 473 3041 tribus
495 3017 612 3042 initium
633 3018 912 3048 Papilionaeearum
932 3020 1017 3044 seriei
1037 3020 1164 3044 formare
1184 3019 1281 3046 debet.
