1976 3314
913 114 1008 159 377

181 236 257 262 Sect.
279 237 321 261 11.
357 237 524 268 Falcago
546 236 645 260 RCHB.
683 235 834 267 Legumen
862 235 1000 259 falcatum
1032 243 1060 259 v.
1092 235 1441 266 cochleam-contortum,
1476 235 1529 260 sed
1549 236 1648 259 centro
1669 234 1813 266 pervium,

113 278 319 303 compressum,
344 271 609 303 l-pleiospermum,
630 269 813 295 indehiscens
833 277 860 294 v.
881 269 997 294 demum
1019 270 1178 301 dehiscens,
1199 270 1330 295 faciebus
1351 270 1433 295 varie
1453 269 1585 294 nervosis
1598 270 1649 294 sed
1664 276 1754 294 nervo
1769 276 1812 293 exe

112 307 316 338 tramarginali
334 306 511 330 carentibus.

180 353 258 379 Sect.
278 353 337 377 111.
375 352 777 384 Hymenocarpoides
797 351 883 377 GRIS.
921 350 1073 382 Legumen
1094 352 1152 376 late
1172 351 1330 376 reniforme
1350 353 1402 375 aut
1427 351 1526 381 ovale,
1558 350 1678 381 oblique
1711 354 1816 374 rostra-

112 391 182 419 tum,
203 389 286 420 apice
305 387 456 419 spiraliter
475 394 533 411 non
554 390 708 412 curvatum
728 394 755 411 v.
778 387 966 415 annulatum,
989 387 1073 411 valde
1094 392 1306 417 compressum,
1329 387 1554 417 complanatum,
1576 385 1815 416 pleiospermum,

111 423 301 453 indehiscens,
322 422 452 448 faciebus
473 423 554 447 varie
575 423 706 447 nervosis
726 421 777 446 sed
797 428 886 445 nervo
909 421 1149 452 extramarginali
1171 421 1352 445 carentibus.

183 468 259 494 Sect.
280 467 334 492 1V.
361 466 481 499 Spiro
495 474 630 499 carpos
651 467 722 493 SER.
761 467 911 498 Legumen
932 467 1272 496 cochleam-contortum,
1294 469 1392 491 centro
1413 468 1554 496 clausum,
1577 466 1816 497 pleiospermum,

112 503 295 528 indehiscens
315 510 343 527 v.
365 503 529 533 dehiscens,
562 504 650 534 spiris
672 502 843 534 compressis
864 501 1027 526 inermibus
1047 504 1099 526 aut
1117 502 1249 533 margine
1270 501 1379 526 dorsali
1402 502 1483 526 varie
1502 501 1628 532 spinosis
1649 500 1815 525 tubercula-

112 539 194 569 tisve‚
218 537 346 562 faciebus
357 538 505 569 spirarum
525 540 576 562 aut
595 545 684 563 nervo
705 537 946 568 extramarginali
969 537 1137 561 carentibus
1158 538 1210 561 aut
1230 543 1262 561 eo
1282 537 1431 561 instructis
1451 538 1480 561 et
1499 538 1561 560 tum
1581 536 1663 560 vonis
1678 535 1818 559 facierum

114 579 238 597 nervum
258 574 310 597 aut
330 573 359 597 in
377 573 477 604 spinas
499 573 732 598 transeuntibus.

156 663 246 700 Sect.
271 664 305 700 I.
353 663 624 708 Lapidaria
649 663 740 698 SER.
765 674 822 708 ap.
846 663 919 698 DC.
949 662 1090 707 (Prodr.
1118 662 1173 707 ΙΙ,
1210 674 1244 707 p.
1272 662 1355 708 172)
1381 672 1425 697 ex
1449 661 1623 696 emendat.
1650 661 1816 696 URBANI

319 710 412 755 (vide
437 710 570 755 supra).
604 711 725 756 Stylus
750 710 814 746 sub
839 711 981 746 anthesi
1006 709 1164 745 ovarium
1189 720 1358 754 aequans.
1392 709 1518 744 Semen
1542 709 1643 743 laeve
1667 713 1730 743 aut
1746 708 1819 742 fus-

318 769 408 794 cum.
457 758 634 793 Radicula
658 768 779 793 semen
803 757 986 792 dimidium
1010 755 1231 801 longitudine
1256 767 1414 801 aequans
1440 761 1502 792 aut
1527 761 1725 800 superans,
1763 766 1820 791 su-

319 810 421 840 turae
447 805 598 840 ventrali
622 805 797 850 parallela
821 805 929 850 (Sect.
955 804 1114 839 Lunaria
1139 803 1210 839 GR.
1236 803 1367 839 GODR.
1394 803 1417 838 l.
1443 815 1471 839 c.
1497 815 1532 848 p.
1559 802 1674 847 383!).

205 890 307 923 3793.
355 892 413 924 M.
438 892 634 932 lupulina
658 889 699 923 L.
725 888 808 925 Cod.
833 901 866 924 n.
894 890 1002 925 5718!
1038 889 1110 924 GR.
1136 888 1266 924 GODR.
1293 889 1316 924 1.
1344 900 1373 924 c.
1413 888 1539 924 RCHB.
1565 888 1613 923 Ic.
1631 886 1653 922 l.
1672 898 1701 922 c.
1719 890 1742 921 t.
1764 887 1820 929 73,

111 935 264 972 III—V!
310 935 408 971 ΗΕΒ.
434 937 456 971 1.
483 948 511 972 c.
537 949 572 981 p.
600 937 661 972 52!
692 936 907 979 Pubescens,
933 936 1093 972 caulibus
1118 936 1430 981 procumbentibus
1455 949 1485 971 v.
1510 933 1818 977 adscendentibus,

111 982 275 1027 ramosis,
299 983 491 1029 4—12‘¹l.;
516 983 647 1018 foliolis
664 983 794 1028 parvis,
813 983 1150 1026 obovato-cuneatis,
1168 983 1270 1028 apice
1289 983 1535 1028 denticulatis3
1561 981 1700 1027 stipulis
1718 980 1821 1016 semi-

111 1029 224 1065 ovatis
248 1030 471 1076 acuminatis,
497 1030 652 1066 dentatis
677 1036 739 1065 aut
761 1030 999 1074 integerrimis
1025 1030 1089 1075 (M.
1106 1029 1346 1066 Willdenowii
1363 1028 1501 1075 MFIR.);
1530 1028 1680 1064 racemis
1707 1028 1821 1072 spica-

112 1077 157 1111 tis
175 1077 351 1122 brevibus,
368 1077 565 1122 pedunculo
583 1077 738 1113 filiformi
755 1077 878 1112 folium
898 1082 1087 1122 superante
1106 1077 1271 1123 suffultis,
1288 1076 1436 1113 floribus
1454 1076 1598 1112 minutis
1615 1075 1821 1120 (1-2‘¹‘1.),

112 1123 231 1169 flavis3
257 1125 493 1168 leguminibus
519 1125 675 1170 spicatis,
704 1125 876 1169 1—11s2m
892 1125 997 1159 diam.
1023 1125 1173 1160 maturis
1198 1124 1467 1170 nigricantibus,
1493 1123 1627 1168 glabris
1645 1126 1707 1158 aut
1723 1122 1821 1166 glan—

113 1171 439 1216 duloso-puberulis
465 1172 529 1217 (M.
556 1171 799 1207 Willdenowii
823 1172 983 1207 BNNGH.
1008 1182 1073 1207 nec
1097 1170 1231 1216 MER.).

205 1239 247 1274 In
271 1240 358 1276 locis
382 1241 605 1285 graminosis,
629 1240 818 1286 ruderatis,
843 1241 1084 1286 rupestribus,
1112 1240 1237 1286 cultis,
1263 1239 1308 1275 ad
1333 1240 1406 1275 vias
1432 1249 1668 1284 agrorumque
1694 1237 1823 1281 margi-

161 1296 236 1368 neg
247 1287 402 1379 Υἰθξὶἰοιέἰε
426 1287 581 1379 ἰηξθΐίοΐ.
607 1293 643 1324 et
667 1293 822 1324 montan.
847 1299 911 1334 per
935 1293 1047 1324 totam
1066 1287 1279 1333 Hispaniam
1303 1287 1482 1332 frequens.
1513 1307 1556 1311 —
1583 1289 1636 1328 Θ.
1655 1286 1702 1328 ρξ’.
1727 1284 1824 1329 Majo

162 1354 204 1358 -··
239 1345 256 1369 C
275 1346 294 1369 O
323 1363 329 1369 .
376 1347 405 1369 V.
432 1347 461 1369 V.
483 1363 489 1369 .

161 1439 187 1475 C
207 1392 301 1447 Hah:
325 1393 361 1428 in
385 1394 478 1428 omni
503 1392 651 1439 Europa
675 1398 711 1430 et
733 1403 823 1429 zona
847 1393 1095 1437 mediterran.,
1131 1393 1258 1439 Sibir.,
1294 1393 1409 1428 China
1433 1393 1528 1438 bor.,
1565 1392 1631 1427 ins.
1658 1391 1763 1426 Azor.
1789 1393 1825 1425 et
1846 1415 1899 1469 «ν

189 1450 333 1475 anarus.

163 1556 256 1592 θεοῦ.
280 1556 337 1591 ΙΙ.
386 1554 591 1600 Falcayo
622 1554 748 1590 ROHB.
780 1553 836 1589 Fl.
870 1564 946 1590 exc.
972 1567 1006 1600 p.
1033 1556 1118 1590 504!
1169 1553 1289 1600 Stylus
1324 1555 1389 1589 sub
1427 1553 1526 1589 anth.
1559 1553 1675 1589 ovario
1712 1551 1823 1586 multo

324 1602 475 1646 longior.
517 1601 659 1637 Semina
675 1602 799 1646 laevia,
823 1602 931 1646 lutea,
955 1601 1052 1637 fulva
1075 1614 1105 1637 v.
1131 1601 1248 1637 badia.
1290 1601 1466 1636 Radicula
1488 1606 1527 1637 ut
1552 1601 1588 1636 in
1613 1604 1698 1636 sect.
1723 1608 1824 1644 prae-

327 1649 402 1684 ced.
424 1669 464 1674 —
478 1649 622 1694 Species
647 1659 834 1694 perennes,
859 1648 1149 1685 suffrutescentes
1173 1661 1202 1684 v.
1221 1648 1393 1684 fruticosi.

622 1764 771 1801 Clavis
797 1765 1049 1811 specierum
1073 1764 1319 1810 analytica.

202 1860 225 1883 Ι.
264 1858 371 1884 Carina
390 1857 532 1882 vexillum
551 1863 681 1889 aequans
701 1865 729 1882 v.
751 1865 784 1883 eo
806 1858 933 1890 longior.
960 1858 1111 1890 Legumen
1125 1859 1302 1884 semilunare

257 1901 284 1917 v.
306 1893 545 1918 subannulatum.
584 1893 697 1918 Frutex
725 1911 1298 1918 .............
1337 1892 1377 1917 Μ.
1393 1899 1409 1917 a
1420 1892 1460 1917 rb
1473 1898 1562 1917 orea
1581 1891 1615 1916 L.

187 1940 218 1945 —-
258 1928 364 1953 Carina
384 1927 493 1952 vexillo
513 1928 646 1952 brevior.
673 1927 797 1954 Plantae
816 1928 1051 1954 suffrutescentes
1072 1936 1101 1953 v.
1122 1928 1233 1954 herbae
1252 1935 1300 1959 pe-

193 1998 219 2023 2.
257 1963 539 2029 {ogggliietfi-enql'ineare
561 1998 700 2022 falcatum
720 2006 748 2023 v.
779 1999 810 2023 in
840 1998 950 2029 spiram
981 1998 1097 2022 unicam
1125 1999 1300 2023 contortum.

257 2032 359 2057 Floras
378 2032 448 2056 flavi
501 2050 1299 2059 ..................
1338 2032 1378 2057 Μ.
1400 2032 1550 2057 falcata
1569 2031 1604 2056 L.
1857 2013 1916 2064 Χ,

186 2081 217 2084 -
256 2067 407 2098 Legumen
426 2067 753 2092 cochleam-contortum
772 2067 993 2098 subtricyclum.
1032 2067 1060 2093 3.

194 2102 220 2128 3.
258 2102 361 2127 Flores
382 2102 509 2128 coerulei
528 2109 557 2126 v.
577 2102 718 2134 violacei,
739 2103 848 2128 vexillo
869 2103 1031 2128 saturatius
1051 2109 1171 2128 venoso.
1210 2102 1303 2134 Legu-

258 2144 324 2162 men
344 2138 465 2168 inerme,
485 2137 649 2168 pubescens
692 2155 1301 2163 ..............
1339 2137 1380 2162 M.
1399 2136 1534 2161 sativa
1553 2135 1591 2160 L.

190 2186 221 2190 -
258 2172 361 2197 Flores
380 2172 460 2196 flavi.
498 2171 524 2196 ll.

195 2208 222 2232 4.
261 2207 335 2231 Tota
353 2208 456 2238 planta
476 2207 623 2238 puberula
642 2214 671 2232 v.
692 2208 803 2238 glabra,
834 2208 949 2232 viridis.
988 2207 1138 2239 Legumen
1158 2207 1269 2232 inerme
1290 2225 1297 2231 .
1335 2207 1376 2232 M.
1396 2206 1500 2231 suffr
1513 2205 1669 2230 uticosa
1689 2204 1796 2229 RAMD.

191 2256 223 2260 —
260 2242 335 2266 Tota
363 2243 467 2273 planta
494 2247 578 2266 cano·
609 2244 639 2267 et
666 2243 985 2268 velutino-tomentosa.
1023 2242 1174 2274 Legumen
1194 2243 1305 2267 inerme

258 2279 311 2301 aut
323 2277 456 2307 margine
469 2277 615 2302 exteriore
629 2279 739 2302 remote
752 2277 911 2310 spinigero,
933 2277 1023 2311 spinis
1037 2278 1181 2303 brevibus
1195 2278 1301 2302 conicis
1339 2277 1378 2301 M.
1398 2282 1426 2300 m
1436 2276 1521 2301 arin
1532 2282 1549 2300 a
1569 2275 1603 2300 1¹-

211 2365 232 2387 *
251 2367 353 2401 3794.
402 2369 459 2401 M.
485 2369 661 2403 arborea
685 2367 727 2403 L.
755 2367 838 2404 Cod.
863 2380 897 2404 n.
925 2370 1034 2404 57121
1083 2368 1172 2405 BSS.
1205 2368 1261 2403 Fl.
1300 2366 1433 2403 Orient.
1459 2367 1514 2413 II,
1553 2379 1587 2412 p.
1613 2368 1676 2402 93!
1725 2365 1824 2400 URB.

119 2412 142 2449 l.
168 2423 197 2446 c.
222 2424 255 2457 p.
282 2414 341 2448 53!
384 2412 440 2447 Fl.
466 2413 592 2449 Graec.
617 2420 642 2450 t.
669 2417 755 2451 707!
789 2416 925 2451 MORIS
950 2416 1004 2451 Fl.
1032 2415 1132 2451 Sard.
1157 2420 1183 2451 t.
1209 2416 1266 2450 35.
1304 2415 1664 2459 Sericeo-canesccns,
1688 2412 1826 2457 foliosa,

120 2458 253 2495 foliolis
279 2460 437 2495 obovatis
462 2473 492 2497 v.
517 2461 730 2507 obcordatis‚
755 2463 856 2508 apice
881 2463 1124 2507 subdentatis,
1150 2462 1290 2508 stipulis
1313 2459 1740 2497 lanceolam-acuminatis
1773 2459 1824 2493 in-

119 2506 248 2551 tegris,
284 2507 435 2542 racemis
459 2508 645 2554 capitatis,
682 2509 879 2554 pedunculo
905 2510 1028 2545 folium
1053 2515 1262 2556 superante,
1293 2509 1440 2545 floribus
1465 2508 1602 2552 magnis
1627 2506 1768 2552 (5—7“‘
1786 2505 1824 2550 l.)

119 2552 237 2597 fiavis;
264 2552 499 2598 leguminibus
523 2555 625 2591 valde
649 2557 862 2602 compressis
886 2557 1077 2602 annulatis,
1103 2557 1231 2591 5—6¹“
1257 2556 1382 2602 diam.,
1408 2556 1602 2601 stipitatis,
1625 2552 1826 2588 reticulato-

119 2601 270 2642 venosis,
294 2600 465 2646 adpresse
488 2602 681 2647 puberulis.
708 2624 752 2629 —-
776 2604 911 2640 Frutex
936 2609 1077 2641 erectus
1102 2604 1231 2640 3-12‘
1253 2604 1359 2640 altus.
1407 2603 1548 2639 Semina
1564 2599 1825 2645 dissepimentis

121 2652 296 2693 separata.

215 2706 485 2752 Subspontanea
507 2706 544 2742 in
567 2690 931 2752 agroaeBarcinonensi
953 2710 990 2745 in
1014 2709 1103 2746 locis
1127 2708 1371 2756 rupestribus,
1397 2706 1523 2749 muris,
1548 2704 1713 2749 dumetis,
1737 2703 1826 2740 satis

124 2845 302 2871 sectionibus
322 2846 380 2871 illis
403 2849 461 2872 tam
482 2853 587 2878 parum
606 2846 683 2872 inter
701 2854 731 2872 se
749 2847 972 2880 differentibus,
993 2851 1027 2874 ut
1046 2856 1080 2875 ex
1100 2855 1164 2874 mea
1182 2845 1328 2873 sententia
1347 2851 1406 2869 non
1425 2844 1483 2868 nisi
1501 2843 1702 2868 subsectiones
1721 2842 1822 2868 sectio-

125 2880 169 2903 nis
190 2879 382 2913 Spirocarpos
409 2882 587 2906 constituere
618 2881 742 2912 possint.
779 2882 872 2908 Porro
899 2884 1059 2908 sectionum
1086 2882 1306 2914 dispositionem
1335 2879 1462 2909 mutavi,
1495 2878 1574 2910 quod
1593 2877 1776 2909 Lupulariae
1796 2880 1825 2902 et

126 2914 291 2945 Falcaginis
311 2917 423 2948 species
436 2917 577 2942 Melilotis
597 2917 842 2948 praecedentibus
863 2919 954 2949 magis
974 2918 1074 2943 affines
1094 2918 1234 2942 videntur
1255 2920 1342 2945 quam
1355 2912 1654 2944 Hymenocarpoides.
1686 2912 1823 2938 Ceterum

126 2949 303 2974 monendum
321 2953 372 2983 est,
395 2952 576 2976 characteres
595 2952 632 2976 ab
648 2952 846 2976 oculatissimo
866 2955 985 2978 auctore
1005 2961 1019 2979 e
1039 2951 1199 2985 pericarpii
1218 2949 1391 2975 nervatione
1411 2949 1556 2973 desumtos
1576 2949 1740 2972 constantes
1761 2947 1822 2978 qui-

126 2983 351 3043 fiefflfsse’dffld
369 2988 475 3018 p'arum
497 2986 617 3012 idoneos
638 2986 675 3013 ad
694 2986 915 3020 distinguendas
934 2988 1045 3019 species
1066 2987 1157 3012 latino
1177 2990 1311 3010 sermone
1330 2983 1362 3008 in
1381 2983 1577 3017 descriptione
1596 2983 1682 3008 brevi
1696 2983 1726 3009 et
1737 2982 1824 3007 facile

126 3025 156 3042 in
171 3024 186 3043 e
211 3024 277 3049 igen
299 3025 326 3044 a.
