<?xml version="1.0" encoding="UTF-8"?>
<!DOCTYPE html PUBLIC "-//W3C//DTD XHTML 1.0 Transitional//EN"
    "http://www.w3.org/TR/xhtml1/DTD/xhtml1-transitional.dtd">
<html xmlns="http://www.w3.org/1999/xhtml" xml:lang="en" lang="en">
 <head>
  <title>
</title>
<meta http-equiv="Content-Type" content="text/html;charset=utf-8" />
  <meta name='ocr-system' content='tesseract 3.04.00' />
  <meta name='ocr-capabilities' content='ocr_page ocr_carea ocr_par ocr_line ocrx_word'/>
</head>
<body>
  <div class='ocr_page' id='page_1' title='image "./prodromusfloraeh03will/prodromusfloraeh03will_0670.png"; bbox 0 0 1976 3314; ppageno 0'>
   <div class='ocr_carea' id='block_1_1' title="bbox 969 161 1066 205">
    <p class='ocr_par' dir='ltr' id='par_1_1' title="bbox 969 161 1066 205">
     <span class='ocr_line' id='line_1_1' title="bbox 969 161 1066 205; baseline 0 0"><span class='ocrx_word' id='word_1_1' title='bbox 969 161 1066 205; x_wconf 86' lang='lat'>650</span> 
     </span>
    </p>
   </div>
   <div class='ocr_carea' id='block_1_2' title="bbox 162 281 1865 467">
    <p class='ocr_par' dir='ltr' id='par_1_2' title="bbox 162 281 1865 467">
     <span class='ocr_line' id='line_1_2' title="bbox 163 281 1865 330; baseline 0.004 -15"><span class='ocrx_word' id='word_1_2' title='bbox 163 292 231 315; x_wconf 89' lang='lat' dir='ltr'>non</span> <span class='ocrx_word' id='word_1_3' title='bbox 256 285 450 326; x_wconf 87' lang='lat' dir='ltr'>contracto,</span> <span class='ocrx_word' id='word_1_4' title='bbox 475 282 613 325; x_wconf 89' lang='lat' dir='ltr'>evenio,</span> <span class='ocrx_word' id='word_1_5' title='bbox 640 281 802 318; x_wconf 82' lang='lat' dir='ltr'>dentibus</span> <span class='ocrx_word' id='word_1_6' title='bbox 828 281 987 327; x_wconf 83' lang='lat' dir='ltr'>oblongis</span> <span class='ocrx_word' id='word_1_7' title='bbox 1013 281 1165 324; x_wconf 89' lang='lat' dir='ltr'>obtusis,</span> <span class='ocrx_word' id='word_1_8' title='bbox 1199 285 1350 325; x_wconf 82' lang='lat' dir='ltr'>anguste</span> <span class='ocrx_word' id='word_1_9' title='bbox 1374 282 1720 330; x_wconf 87' lang='lat' dir='ltr'>albo-emarginatis,</span> <span class='ocrx_word' id='word_1_10' title='bbox 1757 285 1865 321; x_wconf 85' lang='lat' dir='ltr'>dense</span> 
     </span>
     <span class='ocr_line' id='line_1_3' title="bbox 163 328 1865 377; baseline 0.002 -14"><span class='ocrx_word' id='word_1_11' title='bbox 163 328 309 371; x_wconf 87' lang='lat' dir='ltr'>ciliatis;</span> <span class='ocrx_word' id='word_1_12' title='bbox 335 328 559 373; x_wconf 88' lang='lat' dir='ltr'>anthophoro</span> <span class='ocrx_word' id='word_1_13' title='bbox 586 328 626 374; x_wconf 75' lang='lat' dir='ltr'>¹s3</span> <span class='ocrx_word' id='word_1_14' title='bbox 646 329 803 374; x_wconf 87' lang='lat' dir='ltr'>calycem</span> <span class='ocrx_word' id='word_1_15' title='bbox 829 334 1014 374; x_wconf 85' lang='lat' dir='ltr'>aequante,</span> <span class='ocrx_word' id='word_1_16' title='bbox 1041 329 1167 374; x_wconf 89' lang='lat' dir='ltr'>petalis</span> <span class='ocrx_word' id='word_1_17' title='bbox 1192 328 1251 363; x_wconf 87' lang='lat' dir='ltr'>vix</span> <span class='ocrx_word' id='word_1_18' title='bbox 1269 331 1418 366; x_wconf 86' lang='lat' dir='ltr'>exsertis</span> <span class='ocrx_word' id='word_1_19' title='bbox 1435 331 1565 377; x_wconf 90' lang='lat' dir='ltr'>bifidis,</span> <span class='ocrx_word' id='word_1_20' title='bbox 1590 332 1702 368; x_wconf 91' lang='lat' dir='ltr'>roseis</span> <span class='ocrx_word' id='word_1_21' title='bbox 1719 332 1865 375; x_wconf 86' lang='lat' dir='ltr'>albisve,</span> 
     </span>
     <span class='ocr_line' id='line_1_4' title="bbox 163 375 1864 456; baseline 0.004 -47"><span class='ocrx_word' id='word_1_22' title='bbox 163 385 312 456; x_wconf 53' lang='lat' dir='ltr'>cpropae</span> <span class='ocrx_word' id='word_1_23' title='bbox 332 375 474 428; x_wconf 31' lang='lat' dir='ltr'>‘laciniis</span> <span class='ocrx_word' id='word_1_24' title='bbox 500 375 611 411; x_wconf 88' lang='lat' dir='ltr'>ovatis</span> <span class='ocrx_word' id='word_1_25' title='bbox 637 386 743 421; x_wconf 85' lang='lat' dir='ltr'>saepe</span> <span class='ocrx_word' id='word_1_26' title='bbox 767 377 803 410; x_wconf 90' lang='lat' dir='ltr'>in</span> <span class='ocrx_word' id='word_1_27' title='bbox 827 377 950 412; x_wconf 91' lang='lat' dir='ltr'>tubum</span> <span class='ocrx_word' id='word_1_28' title='bbox 975 376 1152 420; x_wconf 86' lang='lat' dir='ltr'>connatis;</span> <span class='ocrx_word' id='word_1_29' title='bbox 1195 376 1341 420; x_wconf 84' lang='lat' dir='ltr'>capsula</span> <span class='ocrx_word' id='word_1_30' title='bbox 1378 382 1482 413; x_wconf 86' lang='lat' dir='ltr'>ovata</span> <span class='ocrx_word' id='word_1_31' title='bbox 1506 379 1731 424; x_wconf 87' lang='lat' dir='ltr'>carpophoro</span> <span class='ocrx_word' id='word_1_32' title='bbox 1757 381 1864 415; x_wconf 86' lang='lat'>2—3-</span> 
     </span>
     <span class='ocr_line' id='line_1_5' title="bbox 162 432 415 467; baseline 0 -11"><span class='ocrx_word' id='word_1_33' title='bbox 162 434 184 467; x_wconf 89' lang='lat' dir='ltr'>p</span> <span class='ocrx_word' id='word_1_34' title='bbox 202 433 221 456; x_wconf 94' lang='lat' dir='ltr'>o</span> <span class='ocrx_word' id='word_1_35' title='bbox 261 432 415 466; x_wconf 84' lang='lat' dir='ltr'>ongiore.</span> 
     </span>
    </p>
   </div>
   <div class='ocr_carea' id='block_1_3' title="bbox 254 478 1594 528">
    <p class='ocr_par' dir='ltr' id='par_1_3' title="bbox 254 478 1594 528">
     <span class='ocr_line' id='line_1_6' title="bbox 254 478 1594 528; baseline 0.002 -15"><span class='ocrx_word' id='word_1_36' title='bbox 254 479 295 513; x_wconf 93' lang='lat' dir='ltr'>In</span> <span class='ocrx_word' id='word_1_37' title='bbox 319 478 477 514; x_wconf 86' lang='lat' dir='ltr'>arenosis</span> <span class='ocrx_word' id='word_1_38' title='bbox 501 490 556 525; x_wconf 91' lang='lat' dir='ltr'>pr.</span> <span class='ocrx_word' id='word_1_39' title='bbox 580 478 773 515; x_wconf 87' lang='lat' dir='ltr'>Granatam</span> <span class='ocrx_word' id='word_1_40' title='bbox 799 479 964 524; x_wconf 84' lang='lat' dir='ltr'>(LOPEZ!</span> <span class='ocrx_word' id='word_1_41' title='bbox 993 479 1028 514; x_wconf 91' lang='lat' dir='ltr'>in</span> <span class='ocrx_word' id='word_1_42' title='bbox 1053 480 1112 514; x_wconf 92' lang='lat' dir='ltr'>hb.</span> <span class='ocrx_word' id='word_1_43' title='bbox 1139 479 1290 525; x_wconf 62' lang='lat' dir='ltr'>ms).</span> <span class='ocrx_word' id='word_1_44' title='bbox 1316 500 1360 505; x_wconf 92' lang='lat'>-</span> <span class='ocrx_word' id='word_1_45' title='bbox 1384 484 1434 523; x_wconf 76' lang='grc' dir='ltr'>Θ.</span> <span class='ocrx_word' id='word_1_46' title='bbox 1461 481 1508 526; x_wconf 85' lang='grc'><strong>(11.</strong></span> <span class='ocrx_word' id='word_1_47' title='bbox 1534 481 1594 528; x_wconf 90' lang='lat' dir='ltr'>v.).</span> 
     </span>
    </p>
   </div>
   <div class='ocr_carea' id='block_1_4' title="bbox 254 536 1174 583">
    <p class='ocr_par' dir='ltr' id='par_1_4' title="bbox 254 536 1174 583">
     <span class='ocr_line' id='line_1_7' title="bbox 254 536 1174 583; baseline 0.002 -12"><span class='ocrx_word' id='word_1_48' title='bbox 254 536 345 573; x_wconf 85' lang='lat' dir='ltr'>Hab.</span> <span class='ocrx_word' id='word_1_49' title='bbox 370 536 406 572; x_wconf 89' lang='lat' dir='ltr'>in</span> <span class='ocrx_word' id='word_1_50' title='bbox 431 537 578 581; x_wconf 88' lang='lat' dir='ltr'>Algeria</span> <span class='ocrx_word' id='word_1_51' title='bbox 601 543 707 583; x_wconf 86' lang='lat' dir='ltr'>atque</span> <span class='ocrx_word' id='word_1_52' title='bbox 732 538 777 573; x_wconf 90' lang='lat' dir='ltr'>ad</span> <span class='ocrx_word' id='word_1_53' title='bbox 801 538 917 573; x_wconf 89' lang='lat' dir='ltr'>Prom.</span> <span class='ocrx_word' id='word_1_54' title='bbox 942 538 1054 573; x_wconf 92' lang='lat' dir='ltr'>bonae</span> <span class='ocrx_word' id='word_1_55' title='bbox 1081 548 1174 583; x_wconf 86' lang='lat' dir='ltr'>spec.</span> 
     </span>
    </p>
   </div>
   <div class='ocr_carea' id='block_1_5' title="bbox 209 594 1865 783">
    <p class='ocr_par' dir='ltr' id='par_1_5' title="bbox 209 594 1865 783">
     <span class='ocr_line' id='line_1_8' title="bbox 255 594 1861 642; baseline 0.001 -12"><span class='ocrx_word' id='word_1_56' title='bbox 255 594 432 631; x_wconf 89' lang='lat' dir='ltr'>Observ.</span> <span class='ocrx_word' id='word_1_57' title='bbox 481 596 631 642; x_wconf 79' lang='lat' dir='ltr'>Vereor,</span> <span class='ocrx_word' id='word_1_58' title='bbox 658 597 742 641; x_wconf 89' lang='lat' dir='ltr'>quin</span> <span class='ocrx_word' id='word_1_59' title='bbox 769 597 878 641; x_wconf 85' lang='lat' dir='ltr'>stirps</span> <span class='ocrx_word' id='word_1_60' title='bbox 902 596 1104 641; x_wconf 84' lang='lat' dir='ltr'>Lopeziana</span> <span class='ocrx_word' id='word_1_61' title='bbox 1129 596 1211 631; x_wconf 93' lang='lat' dir='ltr'>olim</span> <span class='ocrx_word' id='word_1_62' title='bbox 1237 607 1258 631; x_wconf 95' lang='lat' dir='ltr'>a</span> <span class='ocrx_word' id='word_1_63' title='bbox 1282 606 1338 631; x_wconf 88' lang='lat' dir='ltr'>me</span> <span class='ocrx_word' id='word_1_64' title='bbox 1362 596 1398 630; x_wconf 92' lang='lat' dir='ltr'>in</span> <span class='ocrx_word' id='word_1_65' title='bbox 1422 597 1519 632; x_wconf 87' lang='lat' dir='ltr'>beati</span> <span class='ocrx_word' id='word_1_66' title='bbox 1543 596 1755 633; x_wconf 88' lang='lat' dir='ltr'>Haenseleri</span> <span class='ocrx_word' id='word_1_67' title='bbox 1780 597 1861 632; x_wconf 89' lang='lat' dir='ltr'>her-</span> 
     </span>
     <span class='ocr_line' id='line_1_9' title="bbox 209 642 1863 690; baseline 0.002 -14"><span class='ocrx_word' id='word_1_68' title='bbox 209 642 307 677; x_wconf 89' lang='lat' dir='ltr'>bario</span> <span class='ocrx_word' id='word_1_69' title='bbox 342 653 454 687; x_wconf 88' lang='lat' dir='ltr'>prope</span> <span class='ocrx_word' id='word_1_70' title='bbox 489 644 642 678; x_wconf 89' lang='lat' dir='ltr'>amiciss.</span> <span class='ocrx_word' id='word_1_71' title='bbox 690 643 901 686; x_wconf 86' lang='lat' dir='ltr'>Prolongum</span> <span class='ocrx_word' id='word_1_72' title='bbox 925 643 999 678; x_wconf 89' lang='lat' dir='ltr'>visa</span> <span class='ocrx_word' id='word_1_73' title='bbox 1022 655 1091 678; x_wconf 91' lang='lat' dir='ltr'>non</span> <span class='ocrx_word' id='word_1_74' title='bbox 1114 643 1158 679; x_wconf 88' lang='lat' dir='ltr'>ad</span> <span class='ocrx_word' id='word_1_75' title='bbox 1184 644 1294 684; x_wconf 87' lang='lat' dir='ltr'>hanc,</span> <span class='ocrx_word' id='word_1_76' title='bbox 1333 643 1394 679; x_wconf 90' lang='lat' dir='ltr'>sed</span> <span class='ocrx_word' id='word_1_77' title='bbox 1420 644 1464 678; x_wconf 92' lang='lat' dir='ltr'>ad</span> <span class='ocrx_word' id='word_1_78' title='bbox 1488 645 1759 689; x_wconf 86' lang='lat' dir='ltr'>praecedentem</span> <span class='ocrx_word' id='word_1_79' title='bbox 1785 655 1863 690; x_wconf 86' lang='lat' dir='ltr'>spe-</span> 
     </span>
     <span class='ocr_line' id='line_1_10' title="bbox 209 689 1865 738; baseline 0.002 -15"><span class='ocrx_word' id='word_1_80' title='bbox 209 689 298 723; x_wconf 87' lang='lat' dir='ltr'>ciem</span> <span class='ocrx_word' id='word_1_81' title='bbox 324 690 512 735; x_wconf 86' lang='lat' dir='ltr'>pertineat.</span> <span class='ocrx_word' id='word_1_82' title='bbox 568 689 692 724; x_wconf 87' lang='lat' dir='ltr'>Nihilo</span> <span class='ocrx_word' id='word_1_83' title='bbox 718 690 832 725; x_wconf 89' lang='lat' dir='ltr'>minus</span> <span class='ocrx_word' id='word_1_84' title='bbox 858 689 1127 734; x_wconf 85' lang='lat' dir='ltr'>descriptionem</span> <span class='ocrx_word' id='word_1_85' title='bbox 1147 690 1180 727; x_wconf 94' lang='lat' dir='ltr'>S.</span> <span class='ocrx_word' id='word_1_86' title='bbox 1199 690 1440 726; x_wconf 86' lang='lat' dir='ltr'>clandestinae</span> <span class='ocrx_word' id='word_1_87' title='bbox 1465 691 1637 735; x_wconf 84' lang='lat' dir='ltr'>genuinae</span> <span class='ocrx_word' id='word_1_88' title='bbox 1663 691 1755 737; x_wconf 87' lang='lat' dir='ltr'>dedi,</span> <span class='ocrx_word' id='word_1_89' title='bbox 1781 691 1865 738; x_wconf 87' lang='lat' dir='ltr'>quia</span> 
     </span>
     <span class='ocr_line' id='line_1_11' title="bbox 209 735 1378 783; baseline 0.003 -13"><span class='ocrx_word' id='word_1_90' title='bbox 209 735 297 772; x_wconf 88' lang='lat' dir='ltr'>haec</span> <span class='ocrx_word' id='word_1_91' title='bbox 322 736 458 782; x_wconf 89' lang='lat' dir='ltr'>species</span> <span class='ocrx_word' id='word_1_92' title='bbox 483 736 519 771; x_wconf 92' lang='lat' dir='ltr'>in</span> <span class='ocrx_word' id='word_1_93' title='bbox 536 735 711 781; x_wconf 83' lang='lat' dir='ltr'>Hispania</span> <span class='ocrx_word' id='word_1_94' title='bbox 735 736 884 772; x_wconf 80' lang='lat' dir='ltr'>australi</span> <span class='ocrx_word' id='word_1_95' title='bbox 909 736 1013 771; x_wconf 87' lang='lat' dir='ltr'>facile</span> <span class='ocrx_word' id='word_1_96' title='bbox 1039 747 1224 773; x_wconf 85' lang='lat' dir='ltr'>occurrere</span> <span class='ocrx_word' id='word_1_97' title='bbox 1248 742 1378 783; x_wconf 87' lang='lat' dir='ltr'>potest.</span> 
     </span>
    </p>
   </div>
   <div class='ocr_carea' id='block_1_6' title="bbox 300 838 1864 922">
    <p class='ocr_par' dir='ltr' id='par_1_6' title="bbox 300 838 1864 922">
     <span class='ocr_line' id='line_1_12' title="bbox 300 838 1864 920; baseline 0.002 -47"><span class='ocrx_word' id='word_1_98' title='bbox 300 850 329 874; x_wconf 88' lang='lat' dir='ltr'>c.</span> <span class='ocrx_word' id='word_1_99' title='bbox 354 838 683 920; x_wconf 53' lang='lat' dir='ltr'>Segiinalglobosa,</span> <span class='ocrx_word' id='word_1_100' title='bbox 710 839 814 876; x_wconf 90' lang='lat' dir='ltr'>dorso</span> <span class='ocrx_word' id='word_1_101' title='bbox 850 851 1023 886; x_wconf 86' lang='lat' dir='ltr'>convexa,</span> <span class='ocrx_word' id='word_1_102' title='bbox 1048 840 1207 877; x_wconf 89' lang='lat' dir='ltr'>faciebus</span> <span class='ocrx_word' id='word_1_103' title='bbox 1231 840 1526 887; x_wconf 86' lang='lat' dir='ltr'>plano-convexa,</span> <span class='ocrx_word' id='word_1_104' title='bbox 1562 840 1716 885; x_wconf 90' lang='lat' dir='ltr'>undique</span> <span class='ocrx_word' id='word_1_105' title='bbox 1741 841 1864 877; x_wconf 87' lang='lat' dir='ltr'>obtuse</span> 
     </span>
     <span class='ocr_line' id='line_1_13' title="bbox 354 890 586 922; baseline 0 -1"><span class='ocrx_word' id='word_1_106' title='bbox 354 890 391 921; x_wconf 87' lang='lat' dir='ltr'>tu</span> <span class='ocrx_word' id='word_1_107' title='bbox 419 896 498 921; x_wconf 90' lang='lat' dir='ltr'>ercu</span> <span class='ocrx_word' id='word_1_108' title='bbox 517 892 586 922; x_wconf 91' lang='lat' dir='ltr'>ata.</span> 
     </span>
    </p>
   </div>
   <div class='ocr_carea' id='block_1_7' title="bbox 153 966 1864 1795">
    <p class='ocr_par' dir='ltr' id='par_1_7' title="bbox 153 966 1864 1795">
     <span class='ocr_line' id='line_1_14' title="bbox 254 966 1861 1014; baseline 0.002 -14"><span class='ocrx_word' id='word_1_109' title='bbox 254 966 355 1000; x_wconf 90' lang='lat'>4382.</span> <span class='ocrx_word' id='word_1_110' title='bbox 405 968 441 1001; x_wconf 83' lang='lat' dir='ltr'>S.</span> <span class='ocrx_word' id='word_1_111' title='bbox 470 968 730 1001; x_wconf 81' lang='lat' dir='ltr'>adscendens</span> <span class='ocrx_word' id='word_1_112' title='bbox 755 966 856 1003; x_wconf 85' lang='lat' dir='ltr'>LAG.</span> <span class='ocrx_word' id='word_1_113' title='bbox 882 967 969 1003; x_wconf 86' lang='lat' dir='ltr'>Gen.</span> <span class='ocrx_word' id='word_1_114' title='bbox 995 973 1031 1003; x_wconf 90' lang='lat' dir='ltr'>et</span> <span class='ocrx_word' id='word_1_115' title='bbox 1056 979 1108 1013; x_wconf 91' lang='lat' dir='ltr'>sp.</span> <span class='ocrx_word' id='word_1_116' title='bbox 1136 980 1167 1004; x_wconf 91' lang='lat' dir='ltr'>n.</span> <span class='ocrx_word' id='word_1_117' title='bbox 1197 970 1280 1004; x_wconf 87' lang='lat'>194!</span> <span class='ocrx_word' id='word_1_118' title='bbox 1307 968 1466 1004; x_wconf 86' lang='lat' dir='ltr'>ROHRB.</span> <span class='ocrx_word' id='word_1_119' title='bbox 1492 967 1515 1005; x_wconf 84' lang='lat'>1.</span> <span class='ocrx_word' id='word_1_120' title='bbox 1543 979 1571 1004; x_wconf 93' lang='lat' dir='ltr'>c.</span> <span class='ocrx_word' id='word_1_121' title='bbox 1598 980 1632 1014; x_wconf 91' lang='lat' dir='ltr'>p.</span> <span class='ocrx_word' id='word_1_122' title='bbox 1660 969 1744 1003; x_wconf 90' lang='lat'>111!</span> <span class='ocrx_word' id='word_1_123' title='bbox 1772 967 1861 1003; x_wconf 84' lang='lat' dir='ltr'>WK.</span> 
     </span>
     <span class='ocr_line' id='line_1_15' title="bbox 158 1011 1864 1061; baseline 0.003 -16"><span class='ocrx_word' id='word_1_124' title='bbox 158 1011 204 1056; x_wconf 87' lang='lat' dir='ltr'>pl.</span> <span class='ocrx_word' id='word_1_125' title='bbox 230 1012 374 1057; x_wconf 85' lang='lat' dir='ltr'>haloph.</span> <span class='ocrx_word' id='word_1_126' title='bbox 402 1025 434 1057; x_wconf 90' lang='lat' dir='ltr'>p.</span> <span class='ocrx_word' id='word_1_127' title='bbox 465 1015 529 1048; x_wconf 88' lang='grc'>108</span> <span class='ocrx_word' id='word_1_128' title='bbox 556 1020 590 1049; x_wconf 91' lang='lat' dir='ltr'>et</span> <span class='ocrx_word' id='word_1_129' title='bbox 615 1014 664 1049; x_wconf 88' lang='lat' dir='ltr'>Ic.</span> <span class='ocrx_word' id='word_1_130' title='bbox 690 1014 712 1049; x_wconf 92' lang='lat' dir='ltr'>l.</span> <span class='ocrx_word' id='word_1_131' title='bbox 737 1025 766 1050; x_wconf 88' lang='lat' dir='ltr'>c.</span> <span class='ocrx_word' id='word_1_132' title='bbox 792 1026 826 1059; x_wconf 89' lang='lat' dir='ltr'>p.</span> <span class='ocrx_word' id='word_1_133' title='bbox 853 1016 908 1058; x_wconf 89' lang='lat'>41,</span> <span class='ocrx_word' id='word_1_134' title='bbox 935 1020 958 1050; x_wconf 88' lang='lat' dir='ltr'>t.</span> <span class='ocrx_word' id='word_1_135' title='bbox 985 1017 1040 1059; x_wconf 90' lang='lat'>27,</span> <span class='ocrx_word' id='word_1_136' title='bbox 1065 1017 1159 1051; x_wconf 86' lang='lat' dir='ltr'>AMO</span> <span class='ocrx_word' id='word_1_137' title='bbox 1185 1016 1207 1050; x_wconf 91' lang='lat' dir='ltr'>l.</span> <span class='ocrx_word' id='word_1_138' title='bbox 1234 1027 1263 1050; x_wconf 89' lang='lat' dir='ltr'>c.</span> <span class='ocrx_word' id='word_1_139' title='bbox 1288 1028 1322 1061; x_wconf 91' lang='lat' dir='ltr'>p.</span> <span class='ocrx_word' id='word_1_140' title='bbox 1348 1017 1434 1051; x_wconf 90' lang='lat'>218!</span> <span class='ocrx_word' id='word_1_141' title='bbox 1475 1015 1523 1060; x_wconf 90' lang='lat' dir='ltr'>(S.</span> <span class='ocrx_word' id='word_1_142' title='bbox 1549 1015 1723 1060; x_wconf 89' lang='lat' dir='ltr'>allophila</span> <span class='ocrx_word' id='word_1_143' title='bbox 1749 1015 1864 1060; x_wconf 91' lang='lat' dir='ltr'>[halo-</span> 
     </span>
     <span class='ocr_line' id='line_1_16' title="bbox 158 1058 1864 1106; baseline 0.002 -15"><span class='ocrx_word' id='word_1_144' title='bbox 158 1058 272 1104; x_wconf 90' lang='lat' dir='ltr'>phila]</span> <span class='ocrx_word' id='word_1_145' title='bbox 298 1059 421 1096; x_wconf 84' lang='lat' dir='ltr'>CLEM.</span> <span class='ocrx_word' id='word_1_146' title='bbox 446 1060 482 1095; x_wconf 90' lang='lat' dir='ltr'>in</span> <span class='ocrx_word' id='word_1_147' title='bbox 508 1060 565 1094; x_wconf 88' lang='lat' dir='ltr'>El.</span> <span class='ocrx_word' id='word_1_148' title='bbox 591 1061 625 1095; x_wconf 87' lang='lat' dir='ltr'>h.</span> <span class='ocrx_word' id='word_1_149' title='bbox 651 1060 795 1096; x_wconf 86' lang='lat' dir='ltr'>Madrit.</span> <span class='ocrx_word' id='word_1_150' title='bbox 825 1062 913 1096; x_wconf 83' lang='grc'><strong>1806</strong></span> <span class='ocrx_word' id='word_1_151' title='bbox 938 1066 973 1097; x_wconf 89' lang='lat' dir='ltr'>et</span> <span class='ocrx_word' id='word_1_152' title='bbox 998 1062 1056 1097; x_wconf 88' lang='lat' dir='ltr'>hb.</span> <span class='ocrx_word' id='word_1_153' title='bbox 1082 1062 1221 1098; x_wconf 85' lang='lat' dir='ltr'>BOUT.!</span> <span class='ocrx_word' id='word_1_154' title='bbox 1249 1074 1317 1098; x_wconf 92' lang='lat' dir='ltr'>non</span> <span class='ocrx_word' id='word_1_155' title='bbox 1335 1062 1424 1097; x_wconf 88' lang='lat' dir='ltr'>WK.</span> <span class='ocrx_word' id='word_1_156' title='bbox 1450 1073 1515 1097; x_wconf 90' lang='lat' dir='ltr'>nec</span> <span class='ocrx_word' id='word_1_157' title='bbox 1532 1061 1605 1096; x_wconf 85' lang='lat' dir='ltr'>LK.</span> <span class='ocrx_word' id='word_1_158' title='bbox 1623 1062 1711 1106; x_wconf 90' lang='lat' dir='ltr'>hb.).</span> <span class='ocrx_word' id='word_1_159' title='bbox 1746 1062 1864 1097; x_wconf 87' lang='lat' dir='ltr'>Dense</span> 
     </span>
     <span class='ocr_line' id='line_1_17' title="bbox 163 1105 1863 1154; baseline 0.002 -15"><span class='ocrx_word' id='word_1_160' title='bbox 163 1105 388 1149; x_wconf 85' lang='lat' dir='ltr'>glanduloso-</span> <span class='ocrx_word' id='word_1_161' title='bbox 413 1113 448 1141; x_wconf 87' lang='lat' dir='ltr'>et</span> <span class='ocrx_word' id='word_1_162' title='bbox 473 1106 826 1153; x_wconf 86' lang='lat' dir='ltr'>viscido-pubescens,</span> <span class='ocrx_word' id='word_1_163' title='bbox 851 1108 1078 1154; x_wconf 85' lang='lat' dir='ltr'>multicaulis,</span> <span class='ocrx_word' id='word_1_164' title='bbox 1103 1110 1264 1144; x_wconf 88' lang='lat' dir='ltr'>caulibus</span> <span class='ocrx_word' id='word_1_165' title='bbox 1288 1109 1664 1145; x_wconf 87' lang='lat' dir='ltr'>adscendenti-erectis</span> <span class='ocrx_word' id='word_1_166' title='bbox 1690 1107 1815 1154; x_wconf 73' lang='lat' dir='ltr'>1l2-—1¹</span> <span class='ocrx_word' id='word_1_167' title='bbox 1842 1108 1863 1143; x_wconf 96' lang='grc'>1.</span> 
     </span>
     <span class='ocr_line' id='line_1_18' title="bbox 158 1151 1863 1201; baseline 0.003 -15"><span class='ocrx_word' id='word_1_168' title='bbox 158 1151 203 1186; x_wconf 90' lang='lat' dir='ltr'>ad</span> <span class='ocrx_word' id='word_1_169' title='bbox 228 1152 336 1188; x_wconf 84' lang='lat' dir='ltr'>nodos</span> <span class='ocrx_word' id='word_1_170' title='bbox 360 1153 589 1199; x_wconf 85' lang='lat' dir='ltr'>incrassatis,</span> <span class='ocrx_word' id='word_1_171' title='bbox 625 1155 931 1200; x_wconf 80' lang='lat' dir='ltr'>subsimplicibus3</span> <span class='ocrx_word' id='word_1_172' title='bbox 966 1156 1060 1191; x_wconf 85' lang='lat' dir='ltr'>foliis</span> <span class='ocrx_word' id='word_1_173' title='bbox 1087 1157 1301 1193; x_wconf 90' lang='lat' dir='ltr'>basilaribus</span> <span class='ocrx_word' id='word_1_174' title='bbox 1327 1157 1442 1201; x_wconf 90' lang='lat' dir='ltr'>parvis</span> <span class='ocrx_word' id='word_1_175' title='bbox 1468 1156 1704 1200; x_wconf 86' lang='lat' dir='ltr'>spathulatis,</span> <span class='ocrx_word' id='word_1_176' title='bbox 1738 1155 1863 1191; x_wconf 86' lang='lat' dir='ltr'>ceteris</span> 
     </span>
     <span class='ocr_line' id='line_1_19' title="bbox 159 1198 1863 1249; baseline 0.003 -17"><span class='ocrx_word' id='word_1_177' title='bbox 159 1198 520 1246; x_wconf 86' lang='lat' dir='ltr'>lineari-lanceolatis,</span> <span class='ocrx_word' id='word_1_178' title='bbox 546 1202 707 1236; x_wconf 88' lang='lat' dir='ltr'>omnibus</span> <span class='ocrx_word' id='word_1_179' title='bbox 733 1202 868 1237; x_wconf 85' lang='lat' dir='ltr'>obtusis</span> <span class='ocrx_word' id='word_1_180' title='bbox 893 1202 1095 1249; x_wconf 88' lang='lat' dir='ltr'>uninerviis,</span> <span class='ocrx_word' id='word_1_181' title='bbox 1120 1204 1278 1247; x_wconf 81' lang='lat' dir='ltr'>margine</span> <span class='ocrx_word' id='word_1_182' title='bbox 1305 1203 1450 1248; x_wconf 80' lang='lat' dir='ltr'>ciliatis3</span> <span class='ocrx_word' id='word_1_183' title='bbox 1477 1202 1622 1238; x_wconf 86' lang='lat' dir='ltr'>floribus</span> <span class='ocrx_word' id='word_1_184' title='bbox 1649 1201 1863 1237; x_wconf 89' lang='lat' dir='ltr'>distantibus</span> 
     </span>
     <span class='ocr_line' id='line_1_20' title="bbox 158 1245 1863 1295; baseline 0.002 -16"><span class='ocrx_word' id='word_1_185' title='bbox 158 1245 273 1291; x_wconf 88' lang='lat' dir='ltr'>longe,</span> <span class='ocrx_word' id='word_1_186' title='bbox 299 1246 490 1284; x_wconf 81' lang='lat' dir='ltr'>fructiferis</span> <span class='ocrx_word' id='word_1_187' title='bbox 515 1248 719 1291; x_wconf 84' lang='lat' dir='ltr'>longissime</span> <span class='ocrx_word' id='word_1_188' title='bbox 743 1249 976 1294; x_wconf 86' lang='lat' dir='ltr'>pedicellatis,</span> <span class='ocrx_word' id='word_1_189' title='bbox 1001 1250 1058 1285; x_wconf 89' lang='lat' dir='ltr'>his</span> <span class='ocrx_word' id='word_1_190' title='bbox 1082 1251 1349 1295; x_wconf 84' lang='lat' dir='ltr'>patentissimis,</span> <span class='ocrx_word' id='word_1_191' title='bbox 1376 1250 1533 1285; x_wconf 84' lang='lat' dir='ltr'>bracteis</span> <span class='ocrx_word' id='word_1_192' title='bbox 1559 1249 1746 1284; x_wconf 88' lang='lat' dir='ltr'>herbaceis</span> <span class='ocrx_word' id='word_1_193' title='bbox 1771 1248 1863 1284; x_wconf 85' lang='lat' dir='ltr'>folii-</span> 
     </span>
     <span class='ocr_line' id='line_1_21' title="bbox 155 1291 1862 1343; baseline 0.002 -17"><span class='ocrx_word' id='word_1_194' title='bbox 155 1291 341 1338; x_wconf 88' lang='lat' dir='ltr'>formibus;</span> <span class='ocrx_word' id='word_1_195' title='bbox 369 1294 489 1340; x_wconf 85' lang='lat' dir='ltr'>calyce</span> <span class='ocrx_word' id='word_1_196' title='bbox 514 1300 661 1338; x_wconf 83' lang='lat' dir='ltr'>anguste</span> <span class='ocrx_word' id='word_1_197' title='bbox 687 1295 822 1331; x_wconf 88' lang='lat' dir='ltr'>clavato</span> <span class='ocrx_word' id='word_1_198' title='bbox 846 1306 906 1331; x_wconf 91' lang='lat' dir='ltr'>ore</span> <span class='ocrx_word' id='word_1_199' title='bbox 930 1301 1124 1339; x_wconf 86' lang='lat' dir='ltr'>contracto,</span> <span class='ocrx_word' id='word_1_200' title='bbox 1151 1298 1228 1333; x_wconf 91' lang='lat' dir='ltr'>basi</span> <span class='ocrx_word' id='word_1_201' title='bbox 1248 1297 1419 1343; x_wconf 86' lang='lat' dir='ltr'>profunde</span> <span class='ocrx_word' id='word_1_202' title='bbox 1438 1297 1654 1339; x_wconf 88' lang='lat' dir='ltr'>umbilicato,</span> <span class='ocrx_word' id='word_1_203' title='bbox 1681 1297 1744 1331; x_wconf 89' lang='lat' dir='ltr'>sub</span> <span class='ocrx_word' id='word_1_204' title='bbox 1762 1296 1862 1331; x_wconf 89' lang='lat' dir='ltr'>anth.</span> 
     </span>
     <span class='ocr_line' id='line_1_22' title="bbox 157 1340 1862 1388; baseline 0.002 -15"><span class='ocrx_word' id='word_1_205' title='bbox 157 1343 252 1374; x_wconf 87' lang='lat' dir='ltr'>recto</span> <span class='ocrx_word' id='word_1_206' title='bbox 278 1341 337 1374; x_wconf 76' lang='lat'><em>7¹¹¹</em></span> <span class='ocrx_word' id='word_1_207' title='bbox 362 1340 405 1385; x_wconf 94' lang='lat' dir='ltr'>l.,</span> <span class='ocrx_word' id='word_1_208' title='bbox 431 1341 611 1377; x_wconf 87' lang='lat' dir='ltr'>fructifero</span> <span class='ocrx_word' id='word_1_209' title='bbox 636 1343 833 1387; x_wconf 85' lang='lat' dir='ltr'>incurvato,</span> <span class='ocrx_word' id='word_1_210' title='bbox 858 1343 975 1378; x_wconf 86' lang='lat' dir='ltr'>nervis</span> <span class='ocrx_word' id='word_1_211' title='bbox 1002 1344 1044 1378; x_wconf 87' lang='grc'><strong>10</strong></span> <span class='ocrx_word' id='word_1_212' title='bbox 1070 1343 1241 1380; x_wconf 90' lang='lat' dir='ltr'>viridibus</span> <span class='ocrx_word' id='word_1_213' title='bbox 1266 1355 1335 1379; x_wconf 88' lang='lat' dir='ltr'>non</span> <span class='ocrx_word' id='word_1_214' title='bbox 1358 1344 1726 1388; x_wconf 87' lang='lat' dir='ltr'>anastomosantibus,</span> <span class='ocrx_word' id='word_1_215' title='bbox 1751 1342 1862 1378; x_wconf 90' lang='lat' dir='ltr'>denti—</span> 
     </span>
     <span class='ocr_line' id='line_1_23' title="bbox 158 1385 1862 1436; baseline 0.002 -16"><span class='ocrx_word' id='word_1_216' title='bbox 158 1385 226 1421; x_wconf 91' lang='lat' dir='ltr'>bus</span> <span class='ocrx_word' id='word_1_217' title='bbox 252 1386 364 1422; x_wconf 87' lang='lat' dir='ltr'>ovatis</span> <span class='ocrx_word' id='word_1_218' title='bbox 389 1387 461 1423; x_wconf 86' lang='lat' dir='ltr'>late</span> <span class='ocrx_word' id='word_1_219' title='bbox 487 1388 812 1435; x_wconf 84' lang='lat' dir='ltr'>albo-marginatis;</span> <span class='ocrx_word' id='word_1_220' title='bbox 848 1390 1071 1435; x_wconf 88' lang='lat' dir='ltr'>anthophoro</span> <span class='ocrx_word' id='word_1_221' title='bbox 1097 1391 1198 1435; x_wconf 88' lang='lat' dir='ltr'>longo</span> <span class='ocrx_word' id='word_1_222' title='bbox 1225 1391 1362 1427; x_wconf 79' lang='lat' dir='ltr'>clavato</span> <span class='ocrx_word' id='word_1_223' title='bbox 1387 1390 1540 1425; x_wconf 88' lang='lat' dir='ltr'>mediam</span> <span class='ocrx_word' id='word_1_224' title='bbox 1564 1390 1697 1436; x_wconf 82' lang='lat' dir='ltr'>calycis</span> <span class='ocrx_word' id='word_1_225' title='bbox 1722 1394 1862 1435; x_wconf 88' lang='lat' dir='ltr'>partem</span> 
     </span>
     <span class='ocr_line' id='line_1_24' title="bbox 157 1435 1862 1483; baseline 0.003 -17"><span class='ocrx_word' id='word_1_226' title='bbox 157 1438 343 1478; x_wconf 88' lang='lat' dir='ltr'>aequante,</span> <span class='ocrx_word' id='word_1_227' title='bbox 369 1435 570 1479; x_wconf 88' lang='lat' dir='ltr'>petalorum</span> <span class='ocrx_word' id='word_1_228' title='bbox 595 1446 710 1479; x_wconf 88' lang='lat' dir='ltr'>ungue</span> <span class='ocrx_word' id='word_1_229' title='bbox 735 1437 944 1472; x_wconf 81' lang='lat' dir='ltr'>subexserto</span> <span class='ocrx_word' id='word_1_230' title='bbox 969 1437 1041 1472; x_wconf 89' lang='lat' dir='ltr'>late</span> <span class='ocrx_word' id='word_1_231' title='bbox 1066 1438 1172 1478; x_wconf 80' lang='lat' dir='ltr'>alato,</span> <span class='ocrx_word' id='word_1_232' title='bbox 1199 1439 1306 1473; x_wconf 85' lang='lat' dir='ltr'>limbo</span> <span class='ocrx_word' id='word_1_233' title='bbox 1323 1448 1432 1483; x_wconf 89' lang='lat' dir='ltr'>parvo</span> <span class='ocrx_word' id='word_1_234' title='bbox 1451 1438 1598 1472; x_wconf 87' lang='lat' dir='ltr'>obovato</span> <span class='ocrx_word' id='word_1_235' title='bbox 1617 1438 1734 1472; x_wconf 89' lang='lat' dir='ltr'>bilobo</span> <span class='ocrx_word' id='word_1_236' title='bbox 1752 1436 1862 1471; x_wconf 90' lang='lat' dir='ltr'>dilute</span> 
     </span>
     <span class='ocr_line' id='line_1_25' title="bbox 156 1482 1862 1530; baseline 0.002 -16"><span class='ocrx_word' id='word_1_237' title='bbox 156 1489 268 1524; x_wconf 75' lang='lat' dir='ltr'>rosen,</span> <span class='ocrx_word' id='word_1_238' title='bbox 292 1491 442 1516; x_wconf 87' lang='lat' dir='ltr'>coronae</span> <span class='ocrx_word' id='word_1_239' title='bbox 467 1482 607 1517; x_wconf 87' lang='lat' dir='ltr'>laciniis</span> <span class='ocrx_word' id='word_1_240' title='bbox 631 1485 804 1518; x_wconf 86' lang='lat' dir='ltr'>truncatis</span> <span class='ocrx_word' id='word_1_241' title='bbox 830 1483 1077 1529; x_wconf 87' lang='lat' dir='ltr'>emarginatis;</span> <span class='ocrx_word' id='word_1_242' title='bbox 1103 1486 1250 1530; x_wconf 86' lang='lat' dir='ltr'>capsula</span> <span class='ocrx_word' id='word_1_243' title='bbox 1276 1485 1566 1528; x_wconf 88' lang='lat' dir='ltr'>oblongo-conica</span> <span class='ocrx_word' id='word_1_244' title='bbox 1585 1484 1731 1528; x_wconf 88' lang='lat' dir='ltr'>inclusa,</span> <span class='ocrx_word' id='word_1_245' title='bbox 1759 1484 1862 1519; x_wconf 89' lang='lat' dir='ltr'>semi-</span> 
     </span>
     <span class='ocr_line' id='line_1_26' title="bbox 156 1526 1863 1576; baseline 0.003 -16"><span class='ocrx_word' id='word_1_246' title='bbox 156 1526 257 1561; x_wconf 89' lang='lat' dir='ltr'>nibus</span> <span class='ocrx_word' id='word_1_247' title='bbox 282 1527 465 1571; x_wconf 85' lang='lat' dir='ltr'>eleganter</span> <span class='ocrx_word' id='word_1_248' title='bbox 489 1529 889 1574; x_wconf 87' lang='lat' dir='ltr'>reticulato-foveolatis,</span> <span class='ocrx_word' id='word_1_249' title='bbox 915 1530 1358 1574; x_wconf 81' lang='lat' dir='ltr'>olivaceo-nigricantibus.</span> <span class='ocrx_word' id='word_1_250' title='bbox 1386 1551 1427 1557; x_wconf 84' lang='lat'>—</span> <span class='ocrx_word' id='word_1_251' title='bbox 1455 1531 1600 1576; x_wconf 86' lang='lat' dir='ltr'>Species</span> <span class='ocrx_word' id='word_1_252' title='bbox 1625 1541 1708 1566; x_wconf 88' lang='lat' dir='ltr'>rara</span> <span class='ocrx_word' id='word_1_253' title='bbox 1725 1536 1760 1566; x_wconf 86' lang='lat' dir='ltr'>et</span> <span class='ocrx_word' id='word_1_254' title='bbox 1784 1541 1863 1575; x_wconf 84' lang='lat' dir='ltr'>per-</span> 
     </span>
     <span class='ocr_line' id='line_1_27' title="bbox 155 1573 1862 1623; baseline 0.002 -16"><span class='ocrx_word' id='word_1_255' title='bbox 155 1573 313 1618; x_wconf 86' lang='lat' dir='ltr'>insignis,</span> <span class='ocrx_word' id='word_1_256' title='bbox 338 1574 542 1610; x_wconf 89' lang='lat' dir='ltr'>indumento</span> <span class='ocrx_word' id='word_1_257' title='bbox 560 1575 721 1620; x_wconf 77' lang='lat' dir='ltr'>duplicis,</span> <span class='ocrx_word' id='word_1_258' title='bbox 747 1577 830 1621; x_wconf 90' lang='lat' dir='ltr'>pilis</span> <span class='ocrx_word' id='word_1_259' title='bbox 856 1587 982 1621; x_wconf 89' lang='lat' dir='ltr'>nempe</span> <span class='ocrx_word' id='word_1_260' title='bbox 1007 1577 1207 1614; x_wconf 86' lang='lat' dir='ltr'>articulatis</span> <span class='ocrx_word' id='word_1_261' title='bbox 1234 1579 1388 1623; x_wconf 79' lang='lat' dir='ltr'>liyalinis</span> <span class='ocrx_word' id='word_1_262' title='bbox 1412 1578 1633 1614; x_wconf 85' lang='lat' dir='ltr'>brevioribus</span> <span class='ocrx_word' id='word_1_263' title='bbox 1659 1577 1862 1621; x_wconf 83' lang='lat' dir='ltr'>eglandulo-</span> 
     </span>
     <span class='ocr_line' id='line_1_28' title="bbox 156 1620 1863 1669; baseline 0.002 -14"><span class='ocrx_word' id='word_1_264' title='bbox 156 1620 205 1655; x_wconf 90' lang='lat' dir='ltr'>sis</span> <span class='ocrx_word' id='word_1_265' title='bbox 230 1624 265 1654; x_wconf 90' lang='lat' dir='ltr'>et</span> <span class='ocrx_word' id='word_1_266' title='bbox 289 1620 501 1665; x_wconf 85' lang='lat' dir='ltr'>longioribus</span> <span class='ocrx_word' id='word_1_267' title='bbox 526 1622 773 1666; x_wconf 85' lang='lat' dir='ltr'>glanduliferis</span> <span class='ocrx_word' id='word_1_268' title='bbox 798 1624 970 1668; x_wconf 87' lang='lat' dir='ltr'>valdeque</span> <span class='ocrx_word' id='word_1_269' title='bbox 1001 1624 1145 1659; x_wconf 88' lang='lat' dir='ltr'>viscidis</span> <span class='ocrx_word' id='word_1_270' title='bbox 1184 1625 1337 1669; x_wconf 87' lang='lat' dir='ltr'>undique</span> <span class='ocrx_word' id='word_1_271' title='bbox 1369 1630 1482 1669; x_wconf 84' lang='lat' dir='ltr'>tecta,</span> <span class='ocrx_word' id='word_1_272' title='bbox 1517 1625 1716 1669; x_wconf 85' lang='lat' dir='ltr'>lutescens,</span> <span class='ocrx_word' id='word_1_273' title='bbox 1755 1624 1863 1659; x_wconf 90' lang='lat' dir='ltr'>inter-</span> 
     </span>
     <span class='ocr_line' id='line_1_29' title="bbox 156 1666 1862 1716; baseline 0.002 -15"><span class='ocrx_word' id='word_1_274' title='bbox 156 1666 267 1703; x_wconf 88' lang='lat' dir='ltr'>nodiis</span> <span class='ocrx_word' id='word_1_275' title='bbox 293 1668 481 1713; x_wconf 85' lang='lat' dir='ltr'>elongatis,</span> <span class='ocrx_word' id='word_1_276' title='bbox 520 1670 554 1703; x_wconf 90' lang='lat' dir='ltr'>in</span> <span class='ocrx_word' id='word_1_277' title='bbox 580 1670 672 1705; x_wconf 88' lang='lat' dir='ltr'>sicco</span> <span class='ocrx_word' id='word_1_278' title='bbox 699 1670 743 1704; x_wconf 89' lang='lat' dir='ltr'>ad</span> <span class='ocrx_word' id='word_1_279' title='bbox 768 1670 876 1706; x_wconf 90' lang='lat' dir='ltr'>nodos</span> <span class='ocrx_word' id='word_1_280' title='bbox 900 1670 1005 1705; x_wconf 87' lang='lat' dir='ltr'>facile</span> <span class='ocrx_word' id='word_1_281' title='bbox 1031 1671 1288 1708; x_wconf 87' lang='lat' dir='ltr'>secedentibus.</span> <span class='ocrx_word' id='word_1_282' title='bbox 1338 1671 1463 1707; x_wconf 87' lang='lat' dir='ltr'>Flores</span> <span class='ocrx_word' id='word_1_283' title='bbox 1489 1671 1716 1716; x_wconf 88' lang='lat' dir='ltr'>subdistichi,</span> <span class='ocrx_word' id='word_1_284' title='bbox 1751 1670 1862 1705; x_wconf 87' lang='lat' dir='ltr'>infimi</span> 
     </span>
     <span class='ocr_line' id='line_1_30' title="bbox 153 1713 1862 1766; baseline 0.004 -18"><span class='ocrx_word' id='word_1_285' title='bbox 153 1713 230 1766; x_wconf 76' lang='lat' dir='ltr'>jam</span> <span class='ocrx_word' id='word_1_286' title='bbox 260 1713 353 1749; x_wconf 89' lang='lat' dir='ltr'>inter</span> <span class='ocrx_word' id='word_1_287' title='bbox 387 1715 551 1751; x_wconf 85' lang='lat' dir='ltr'>foliorum</span> <span class='ocrx_word' id='word_1_288' title='bbox 588 1716 792 1752; x_wconf 84' lang='lat' dir='ltr'>inferiorum</span> <span class='ocrx_word' id='word_1_289' title='bbox 830 1717 931 1763; x_wconf 88' lang='lat' dir='ltr'>paria</span> <span class='ocrx_word' id='word_1_290' title='bbox 967 1717 1190 1763; x_wconf 85' lang='lat' dir='ltr'>prodeuntes.</span> <span class='ocrx_word' id='word_1_291' title='bbox 1241 1719 1282 1753; x_wconf 91' lang='lat' dir='ltr'>In</span> <span class='ocrx_word' id='word_1_292' title='bbox 1314 1719 1485 1754; x_wconf 85' lang='lat' dir='ltr'>montosis</span> <span class='ocrx_word' id='word_1_293' title='bbox 1510 1718 1640 1764; x_wconf 86' lang='lat' dir='ltr'>petalis</span> <span class='ocrx_word' id='word_1_294' title='bbox 1666 1717 1862 1762; x_wconf 82' lang='lat' dir='ltr'>majoribus</span> 
     </span>
     <span class='ocr_line' id='line_1_31' title="bbox 159 1767 282 1795; baseline -0.008 0"><span class='ocrx_word' id='word_1_295' title='bbox 159 1767 282 1795; x_wconf 82' lang='lat' dir='ltr'>variat.</span> 
     </span>
    </p>
   </div>
   <div class='ocr_carea' id='block_1_8' title="bbox 153 1818 1861 1959">
    <p class='ocr_par' dir='ltr' id='par_1_8' title="bbox 153 1818 1861 1959">
     <span class='ocr_line' id='line_1_32' title="bbox 250 1818 1861 1868; baseline 0.004 -17"><span class='ocrx_word' id='word_1_296' title='bbox 250 1818 289 1852; x_wconf 91' lang='lat' dir='ltr'>In</span> <span class='ocrx_word' id='word_1_297' title='bbox 314 1819 491 1854; x_wconf 87' lang='lat' dir='ltr'>sabulosis</span> <span class='ocrx_word' id='word_1_298' title='bbox 515 1819 619 1856; x_wconf 87' lang='lat' dir='ltr'>salsis</span> <span class='ocrx_word' id='word_1_299' title='bbox 643 1830 727 1856; x_wconf 92' lang='lat' dir='ltr'>orae</span> <span class='ocrx_word' id='word_1_300' title='bbox 751 1819 964 1856; x_wconf 86' lang='lat' dir='ltr'>Granatens.</span> <span class='ocrx_word' id='word_1_301' title='bbox 999 1822 1057 1867; x_wconf 88' lang='lat' dir='ltr'>(ad</span> <span class='ocrx_word' id='word_1_302' title='bbox 1082 1827 1257 1867; x_wconf 86' lang='lat' dir='ltr'>promont.</span> <span class='ocrx_word' id='word_1_303' title='bbox 1283 1822 1326 1857; x_wconf 90' lang='lat' dir='ltr'>de</span> <span class='ocrx_word' id='word_1_304' title='bbox 1350 1822 1405 1858; x_wconf 88' lang='lat' dir='ltr'>las</span> <span class='ocrx_word' id='word_1_305' title='bbox 1431 1822 1563 1858; x_wconf 88' lang='lat' dir='ltr'>salinas</span> <span class='ocrx_word' id='word_1_306' title='bbox 1588 1833 1642 1868; x_wconf 88' lang='lat' dir='ltr'>pr.</span> <span class='ocrx_word' id='word_1_307' title='bbox 1667 1821 1861 1867; x_wconf 86' lang='lat' dir='ltr'>Roquetas,</span> 
     </span>
     <span class='ocr_line' id='line_1_33' title="bbox 203 1863 1861 1915; baseline 0.003 -16"><span class='ocrx_word' id='word_1_308' title='bbox 203 1863 364 1910; x_wconf 84' lang='lat' dir='ltr'>CLEM.!)</span> <span class='ocrx_word' id='word_1_309' title='bbox 398 1871 507 1910; x_wconf 89' lang='lat' dir='ltr'>atque</span> <span class='ocrx_word' id='word_1_310' title='bbox 532 1866 567 1901; x_wconf 91' lang='lat' dir='ltr'>in</span> <span class='ocrx_word' id='word_1_311' title='bbox 590 1872 697 1902; x_wconf 92' lang='lat' dir='ltr'>mont.</span> <span class='ocrx_word' id='word_1_312' title='bbox 723 1867 843 1903; x_wconf 87' lang='lat' dir='ltr'>Sierra</span> <span class='ocrx_word' id='word_1_313' title='bbox 869 1867 1004 1912; x_wconf 89' lang='lat' dir='ltr'>Segura</span> <span class='ocrx_word' id='word_1_314' title='bbox 1032 1870 1203 1915; x_wconf 82' lang='lat' dir='ltr'>(BOURG.</span> <span class='ocrx_word' id='word_1_315' title='bbox 1228 1869 1276 1915; x_wconf 87' lang='lat' dir='ltr'>pl.</span> <span class='ocrx_word' id='word_1_316' title='bbox 1302 1879 1375 1905; x_wconf 85' lang='lat' dir='ltr'>exs.</span> <span class='ocrx_word' id='word_1_317' title='bbox 1404 1870 1518 1914; x_wconf 87' lang='lat'>1850,</span> <span class='ocrx_word' id='word_1_318' title='bbox 1556 1880 1589 1903; x_wconf 91' lang='lat' dir='ltr'>n.</span> <span class='ocrx_word' id='word_1_319' title='bbox 1616 1870 1707 1915; x_wconf 89' lang='lat'>958,</span> <span class='ocrx_word' id='word_1_320' title='bbox 1750 1869 1861 1905; x_wconf 86' lang='lat' dir='ltr'>forma</span> 
     </span>
     <span class='ocr_line' id='line_1_34' title="bbox 153 1912 784 1959; baseline 0.006 -14"><span class='ocrx_word' id='word_1_321' title='bbox 153 1938 156 1941; x_wconf 96' lang='lat'>.</span> <span class='ocrx_word' id='word_1_322' title='bbox 202 1912 481 1958; x_wconf 88' lang='lat' dir='ltr'>macropetala.).</span> <span class='ocrx_word' id='word_1_323' title='bbox 507 1933 552 1938; x_wconf 96' lang='lat'><strong>—</strong></span> <span class='ocrx_word' id='word_1_324' title='bbox 581 1917 633 1956; x_wconf 78' lang='lat' dir='ltr'>O.</span> <span class='ocrx_word' id='word_1_325' title='bbox 660 1914 704 1959; x_wconf 89' lang='lat' dir='ltr'>(v.</span> <span class='ocrx_word' id='word_1_326' title='bbox 730 1915 784 1958; x_wconf 84' lang='lat' dir='ltr'>s.).</span> 
     </span>
    </p>
   </div>
   <div class='ocr_carea' id='block_1_9' title="bbox 118 1993 1859 2742">
    <p class='ocr_par' dir='ltr' id='par_1_9' title="bbox 118 1993 1859 2742">
     <span class='ocr_line' id='line_1_35' title="bbox 249 1993 1859 2041; baseline 0.002 -14"><span class='ocrx_word' id='word_1_327' title='bbox 249 1993 355 2028; x_wconf 90' lang='lat'>4383.</span> <span class='ocrx_word' id='word_1_328' title='bbox 404 1995 443 2028; x_wconf 87' lang='lat' dir='ltr'>S.</span> <span class='ocrx_word' id='word_1_329' title='bbox 470 1995 640 2030; x_wconf 81' lang='lat' dir='ltr'>littorea</span> <span class='ocrx_word' id='word_1_330' title='bbox 663 1994 788 2029; x_wconf 82' lang='lat' dir='ltr'>BROT.</span> <span class='ocrx_word' id='word_1_331' title='bbox 815 1995 871 2030; x_wconf 90' lang='lat' dir='ltr'>Fl.</span> <span class='ocrx_word' id='word_1_332' title='bbox 897 1995 981 2031; x_wconf 89' lang='lat' dir='ltr'>Lus.</span> <span class='ocrx_word' id='word_1_333' title='bbox 1007 1996 1061 2030; x_wconf 93' lang='lat' dir='ltr'>II.</span> <span class='ocrx_word' id='word_1_334' title='bbox 1088 2008 1122 2041; x_wconf 89' lang='lat' dir='ltr'>p.</span> <span class='ocrx_word' id='word_1_335' title='bbox 1151 1997 1235 2031; x_wconf 86' lang='lat'>186!</span> <span class='ocrx_word' id='word_1_336' title='bbox 1286 1996 1443 2031; x_wconf 86' lang='lat' dir='ltr'>ROHRB.</span> <span class='ocrx_word' id='word_1_337' title='bbox 1469 1995 1491 2030; x_wconf 90' lang='grc'>1.</span> <span class='ocrx_word' id='word_1_338' title='bbox 1519 2007 1547 2031; x_wconf 90' lang='lat' dir='ltr'>c.</span> <span class='ocrx_word' id='word_1_339' title='bbox 1573 2008 1608 2040; x_wconf 90' lang='lat' dir='ltr'>p.</span> <span class='ocrx_word' id='word_1_340' title='bbox 1638 1998 1719 2032; x_wconf 89' lang='lat'>112!</span> <span class='ocrx_word' id='word_1_341' title='bbox 1770 1997 1859 2031; x_wconf 87' lang='lat' dir='ltr'>WK.</span> 
     </span>
     <span class='ocr_line' id='line_1_36' title="bbox 159 2037 1859 2088; baseline 0.004 -16"><span class='ocrx_word' id='word_1_342' title='bbox 159 2037 208 2072; x_wconf 91' lang='lat' dir='ltr'>Ic.</span> <span class='ocrx_word' id='word_1_343' title='bbox 235 2037 258 2072; x_wconf 94' lang='lat' dir='ltr'>l.</span> <span class='ocrx_word' id='word_1_344' title='bbox 284 2051 313 2074; x_wconf 86' lang='lat' dir='ltr'>c.</span> <span class='ocrx_word' id='word_1_345' title='bbox 338 2051 372 2084; x_wconf 93' lang='lat' dir='ltr'>p.</span> <span class='ocrx_word' id='word_1_346' title='bbox 399 2041 454 2082; x_wconf 89' lang='lat'>49,</span> <span class='ocrx_word' id='word_1_347' title='bbox 481 2045 504 2076; x_wconf 88' lang='lat' dir='ltr'>t.</span> <span class='ocrx_word' id='word_1_348' title='bbox 531 2043 585 2086; x_wconf 84' lang='lat'>34,</span> <span class='ocrx_word' id='word_1_349' title='bbox 612 2041 660 2086; x_wconf 91' lang='lat' dir='ltr'>A;</span> <span class='ocrx_word' id='word_1_350' title='bbox 699 2041 793 2077; x_wconf 89' lang='lat' dir='ltr'>AMO</span> <span class='ocrx_word' id='word_1_351' title='bbox 818 2042 841 2076; x_wconf 93' lang='lat' dir='ltr'>l.</span> <span class='ocrx_word' id='word_1_352' title='bbox 867 2053 895 2077; x_wconf 90' lang='lat' dir='ltr'>c.</span> <span class='ocrx_word' id='word_1_353' title='bbox 923 2055 957 2087; x_wconf 92' lang='lat' dir='ltr'>p.</span> <span class='ocrx_word' id='word_1_354' title='bbox 976 2044 1062 2078; x_wconf 86' lang='lat'>217!</span> <span class='ocrx_word' id='word_1_355' title='bbox 1112 2042 1161 2088; x_wconf 86' lang='lat' dir='ltr'>(S.</span> <span class='ocrx_word' id='word_1_356' title='bbox 1190 2042 1325 2078; x_wconf 86' lang='lat' dir='ltr'>sericea</span> <span class='ocrx_word' id='word_1_357' title='bbox 1351 2044 1389 2084; x_wconf 88' lang='grc' dir='ltr'>β.</span> <span class='ocrx_word' id='word_1_358' title='bbox 1414 2043 1529 2077; x_wconf 90' lang='lat' dir='ltr'>minor</span> <span class='ocrx_word' id='word_1_359' title='bbox 1566 2043 1681 2078; x_wconf 85' lang='lat' dir='ltr'>OTTH</span> <span class='ocrx_word' id='word_1_360' title='bbox 1704 2054 1761 2088; x_wconf 89' lang='lat' dir='ltr'>ap.</span> <span class='ocrx_word' id='word_1_361' title='bbox 1787 2044 1859 2079; x_wconf 83' lang='lat' dir='ltr'>DC.</span> 
     </span>
     <span class='ocr_line' id='line_1_37' title="bbox 155 2084 1858 2135; baseline 0.004 -17"><span class='ocrx_word' id='word_1_362' title='bbox 155 2084 278 2120; x_wconf 90' lang='lat' dir='ltr'>Prodr.</span> <span class='ocrx_word' id='word_1_363' title='bbox 305 2086 339 2131; x_wconf 88' lang='grc' dir='ltr'>Ι,</span> <span class='ocrx_word' id='word_1_364' title='bbox 378 2099 411 2131; x_wconf 92' lang='lat' dir='ltr'>p.</span> <span class='ocrx_word' id='word_1_365' title='bbox 439 2088 523 2133; x_wconf 82' lang='lat'>380,</span> <span class='ocrx_word' id='word_1_366' title='bbox 562 2099 630 2123; x_wconf 91' lang='lat' dir='ltr'>non</span> <span class='ocrx_word' id='word_1_367' title='bbox 654 2087 787 2133; x_wconf 81' lang='lat' dir='ltr'>GUSS.;</span> <span class='ocrx_word' id='word_1_368' title='bbox 826 2088 859 2125; x_wconf 88' lang='lat' dir='ltr'>S.</span> <span class='ocrx_word' id='word_1_369' title='bbox 884 2089 1010 2124; x_wconf 90' lang='lat' dir='ltr'>villosa</span> <span class='ocrx_word' id='word_1_370' title='bbox 1034 2100 1105 2124; x_wconf 91' lang='lat' dir='ltr'>var.</span> <span class='ocrx_word' id='word_1_371' title='bbox 1131 2100 1225 2124; x_wconf 90' lang='lat' dir='ltr'>nana</span> <span class='ocrx_word' id='word_1_372' title='bbox 1250 2090 1404 2124; x_wconf 82' lang='lat' dir='ltr'>CARAB.</span> <span class='ocrx_word' id='word_1_373' title='bbox 1429 2089 1557 2124; x_wconf 87' lang='lat' dir='ltr'>Enum.</span> <span class='ocrx_word' id='word_1_374' title='bbox 1583 2090 1630 2135; x_wconf 90' lang='lat' dir='ltr'>pl.</span> <span class='ocrx_word' id='word_1_375' title='bbox 1655 2090 1796 2126; x_wconf 88' lang='lat' dir='ltr'>Balear.</span> <span class='ocrx_word' id='word_1_376' title='bbox 1822 2091 1858 2124; x_wconf 90' lang='lat' dir='ltr'>in</span> 
     </span>
     <span class='ocr_line' id='line_1_38' title="bbox 157 2131 1859 2181; baseline 0.004 -16"><span class='ocrx_word' id='word_1_377' title='bbox 157 2131 263 2166; x_wconf 80' lang='lat' dir='ltr'>Mem.</span> <span class='ocrx_word' id='word_1_378' title='bbox 290 2132 336 2167; x_wconf 89' lang='lat' dir='ltr'>du</span> <span class='ocrx_word' id='word_1_379' title='bbox 360 2133 455 2169; x_wconf 91' lang='lat' dir='ltr'>Mus.</span> <span class='ocrx_word' id='word_1_380' title='bbox 482 2134 577 2179; x_wconf 87' lang='lat' dir='ltr'>XIV,</span> <span class='ocrx_word' id='word_1_381' title='bbox 603 2147 637 2179; x_wconf 86' lang='lat' dir='ltr'>p.</span> <span class='ocrx_word' id='word_1_382' title='bbox 656 2137 742 2170; x_wconf 90' lang='grc'><strong>2211</strong></span> <span class='ocrx_word' id='word_1_383' title='bbox 771 2140 806 2170; x_wconf 87' lang='lat' dir='ltr'>et</span> <span class='ocrx_word' id='word_1_384' title='bbox 831 2135 915 2170; x_wconf 82' lang='lat' dir='ltr'>BSS.</span> <span class='ocrx_word' id='word_1_385' title='bbox 943 2136 1029 2180; x_wconf 92' lang='lat' dir='ltr'>Voy.</span> <span class='ocrx_word' id='word_1_386' title='bbox 1056 2136 1126 2171; x_wconf 90' lang='lat' dir='ltr'>bot.</span> <span class='ocrx_word' id='word_1_387' title='bbox 1152 2149 1185 2181; x_wconf 90' lang='lat' dir='ltr'>p.</span> <span class='ocrx_word' id='word_1_388' title='bbox 1203 2137 1263 2171; x_wconf 89' lang='lat'>90!</span> <span class='ocrx_word' id='word_1_389' title='bbox 1291 2148 1359 2172; x_wconf 91' lang='lat' dir='ltr'>non</span> <span class='ocrx_word' id='word_1_390' title='bbox 1378 2137 1530 2173; x_wconf 84' lang='lat' dir='ltr'>FORSK.</span> <span class='ocrx_word' id='word_1_391' title='bbox 1556 2147 1670 2181; x_wconf 87' lang='lat' dir='ltr'>neque</span> <span class='ocrx_word' id='word_1_392' title='bbox 1697 2137 1859 2172; x_wconf 84' lang='lat' dir='ltr'>aliorum!</span> 
     </span>
     <span class='ocr_line' id='line_1_39' title="bbox 159 2177 1858 2229; baseline 0.004 -17"><span class='ocrx_word' id='word_1_393' title='bbox 159 2177 247 2213; x_wconf 85' lang='lat' dir='ltr'>WK.</span> <span class='ocrx_word' id='word_1_394' title='bbox 272 2179 320 2224; x_wconf 92' lang='lat' dir='ltr'>pl.</span> <span class='ocrx_word' id='word_1_395' title='bbox 346 2180 448 2225; x_wconf 89' lang='lat' dir='ltr'>Hisp.</span> <span class='ocrx_word' id='word_1_396' title='bbox 474 2191 547 2216; x_wconf 85' lang='lat' dir='ltr'>exs.</span> <span class='ocrx_word' id='word_1_397' title='bbox 577 2183 677 2225; x_wconf 86' lang='lat'>1845,</span> <span class='ocrx_word' id='word_1_398' title='bbox 704 2193 736 2216; x_wconf 91' lang='grc'>11.</span> <span class='ocrx_word' id='word_1_399' title='bbox 764 2183 848 2217; x_wconf 88' lang='grc'><strong>6261</strong></span> <span class='ocrx_word' id='word_1_400' title='bbox 876 2182 910 2216; x_wconf 92' lang='lat' dir='ltr'>S.</span> <span class='ocrx_word' id='word_1_401' title='bbox 937 2182 1217 2218; x_wconf 88' lang='lat' dir='ltr'>Cambessedesii</span> <span class='ocrx_word' id='word_1_402' title='bbox 1242 2184 1328 2218; x_wconf 81' lang='lat' dir='ltr'>Bss.</span> <span class='ocrx_word' id='word_1_403' title='bbox 1345 2184 1471 2219; x_wconf 80' lang='lat' dir='ltr'>REUT.</span> <span class='ocrx_word' id='word_1_404' title='bbox 1489 2184 1577 2227; x_wconf 85' lang='lat' dir='ltr'>Pug.</span> <span class='ocrx_word' id='word_1_405' title='bbox 1602 2196 1637 2229; x_wconf 86' lang='lat' dir='ltr'>p.</span> <span class='ocrx_word' id='word_1_406' title='bbox 1658 2185 1700 2218; x_wconf 90' lang='lat'>18</span> <span class='ocrx_word' id='word_1_407' title='bbox 1719 2186 1858 2229; x_wconf 78' lang='lat' dir='ltr'>et1303</span> 
     </span>
     <span class='ocr_line' id='line_1_40' title="bbox 157 2224 1859 2275; baseline 0.005 -17"><span class='ocrx_word' id='word_1_408' title='bbox 157 2224 192 2258; x_wconf 88' lang='lat' dir='ltr'>S.</span> <span class='ocrx_word' id='word_1_409' title='bbox 218 2225 405 2271; x_wconf 89' lang='lat' dir='ltr'>halophila</span> <span class='ocrx_word' id='word_1_410' title='bbox 428 2227 500 2262; x_wconf 83' lang='lat' dir='ltr'>LK.</span> <span class='ocrx_word' id='word_1_411' title='bbox 526 2228 604 2264; x_wconf 89' lang='lat' dir='ltr'>hb.!</span> <span class='ocrx_word' id='word_1_412' title='bbox 655 2228 689 2262; x_wconf 95' lang='lat' dir='ltr'>S.</span> <span class='ocrx_word' id='word_1_413' title='bbox 715 2229 869 2273; x_wconf 84' lang='lat' dir='ltr'>pendula</span> <span class='ocrx_word' id='word_1_414' title='bbox 894 2228 1040 2264; x_wconf 85' lang='lat' dir='ltr'>SALZM.</span> <span class='ocrx_word' id='word_1_415' title='bbox 1066 2241 1135 2264; x_wconf 89' lang='lat' dir='ltr'>non</span> <span class='ocrx_word' id='word_1_416' title='bbox 1160 2230 1228 2274; x_wconf 91' lang='lat' dir='ltr'>L.).</span> <span class='ocrx_word' id='word_1_417' title='bbox 1278 2230 1368 2266; x_wconf 92' lang='lat' dir='ltr'>Tota</span> <span class='ocrx_word' id='word_1_418' title='bbox 1393 2230 1690 2275; x_wconf 87' lang='lat' dir='ltr'>viscoso-villosa,</span> <span class='ocrx_word' id='word_1_419' title='bbox 1717 2231 1859 2266; x_wconf 87' lang='lat' dir='ltr'>sordide</span> 
     </span>
     <span class='ocr_line' id='line_1_41' title="bbox 155 2271 1858 2323; baseline 0.003 -17"><span class='ocrx_word' id='word_1_420' title='bbox 155 2271 345 2316; x_wconf 85' lang='lat' dir='ltr'>virescens,</span> <span class='ocrx_word' id='word_1_421' title='bbox 373 2275 473 2309; x_wconf 88' lang='lat' dir='ltr'>caule</span> <span class='ocrx_word' id='word_1_422' title='bbox 499 2285 517 2309; x_wconf 89' lang='lat' dir='ltr'>e</span> <span class='ocrx_word' id='word_1_423' title='bbox 546 2275 619 2311; x_wconf 79' lang='lat' dir='ltr'>basi</span> <span class='ocrx_word' id='word_1_424' title='bbox 644 2275 842 2310; x_wconf 90' lang='lat' dir='ltr'>dichotome</span> <span class='ocrx_word' id='word_1_425' title='bbox 868 2277 1118 2322; x_wconf 83' lang='lat' dir='ltr'>ramosissimo,</span> <span class='ocrx_word' id='word_1_426' title='bbox 1144 2276 1278 2323; x_wconf 87' lang='lat' dir='ltr'>folioso,</span> <span class='ocrx_word' id='word_1_427' title='bbox 1304 2278 1499 2322; x_wconf 85' lang='lat' dir='ltr'>caespitem</span> <span class='ocrx_word' id='word_1_428' title='bbox 1516 2279 1636 2312; x_wconf 86' lang='lat' dir='ltr'>laxum</span> <span class='ocrx_word' id='word_1_429' title='bbox 1651 2278 1858 2313; x_wconf 88' lang='lat' dir='ltr'>circularem</span> 
     </span>
     <span class='ocr_line' id='line_1_42' title="bbox 118 2317 1858 2368; baseline 0.003 -16"><span class='ocrx_word' id='word_1_430' title='bbox 118 2317 125 2324; x_wconf 97' lang='grc'><em>“</em></span> <span class='ocrx_word' id='word_1_431' title='bbox 158 2319 273 2353; x_wconf 82' lang='lat'>2--4“</span> <span class='ocrx_word' id='word_1_432' title='bbox 298 2320 359 2355; x_wconf 89' lang='lat' dir='ltr'>alt.</span> <span class='ocrx_word' id='word_1_433' title='bbox 393 2320 585 2365; x_wconf 79' lang='lat' dir='ltr'>formante3</span> <span class='ocrx_word' id='word_1_434' title='bbox 617 2322 712 2357; x_wconf 88' lang='lat' dir='ltr'>foliis</span> <span class='ocrx_word' id='word_1_435' title='bbox 739 2322 974 2366; x_wconf 81' lang='lat' dir='ltr'>subcarnosis,</span> <span class='ocrx_word' id='word_1_436' title='bbox 999 2323 1206 2359; x_wconf 82' lang='lat' dir='ltr'>lanceolatis</span> <span class='ocrx_word' id='word_1_437' title='bbox 1230 2336 1260 2359; x_wconf 93' lang='lat' dir='ltr'>v.</span> <span class='ocrx_word' id='word_1_438' title='bbox 1286 2324 1680 2368; x_wconf 87' lang='lat' dir='ltr'>oblongo-lanceolatis,</span> <span class='ocrx_word' id='word_1_439' title='bbox 1722 2325 1799 2360; x_wconf 91' lang='lat' dir='ltr'>basi</span> <span class='ocrx_word' id='word_1_440' title='bbox 1823 2325 1858 2359; x_wconf 88' lang='lat' dir='ltr'>in</span> 
     </span>
     <span class='ocr_line' id='line_1_43' title="bbox 156 2366 1859 2416; baseline 0.004 -17"><span class='ocrx_word' id='word_1_441' title='bbox 156 2366 316 2409; x_wconf 84' lang='lat' dir='ltr'>vaginam</span> <span class='ocrx_word' id='word_1_442' title='bbox 342 2367 494 2411; x_wconf 89' lang='lat' dir='ltr'>amplam</span> <span class='ocrx_word' id='word_1_443' title='bbox 519 2369 690 2413; x_wconf 88' lang='lat' dir='ltr'>pallidam</span> <span class='ocrx_word' id='word_1_444' title='bbox 716 2369 874 2404; x_wconf 90' lang='lat' dir='ltr'>dilatatis</span> <span class='ocrx_word' id='word_1_445' title='bbox 899 2375 934 2404; x_wconf 89' lang='lat' dir='ltr'>et</span> <span class='ocrx_word' id='word_1_446' title='bbox 959 2369 1106 2414; x_wconf 83' lang='lat' dir='ltr'>ciliatis3</span> <span class='ocrx_word' id='word_1_447' title='bbox 1133 2369 1280 2406; x_wconf 87' lang='lat' dir='ltr'>fioribus</span> <span class='ocrx_word' id='word_1_448' title='bbox 1306 2373 1428 2416; x_wconf 86' lang='lat' dir='ltr'>paucis</span> <span class='ocrx_word' id='word_1_449' title='bbox 1453 2372 1597 2406; x_wconf 87' lang='lat' dir='ltr'>remotis</span> <span class='ocrx_word' id='word_1_450' title='bbox 1621 2377 1683 2407; x_wconf 91' lang='lat' dir='ltr'>aut</span> <span class='ocrx_word' id='word_1_451' title='bbox 1709 2371 1859 2407; x_wconf 87' lang='lat' dir='ltr'>subsoli·</span> 
     </span>
     <span class='ocr_line' id='line_1_44' title="bbox 156 2412 1858 2464; baseline 0.004 -18"><span class='ocrx_word' id='word_1_452' title='bbox 156 2412 276 2456; x_wconf 89' lang='lat' dir='ltr'>tariis,</span> <span class='ocrx_word' id='word_1_453' title='bbox 305 2413 487 2458; x_wconf 88' lang='lat' dir='ltr'>pedicellis</span> <span class='ocrx_word' id='word_1_454' title='bbox 513 2416 577 2450; x_wconf 90' lang='lat' dir='ltr'>sub</span> <span class='ocrx_word' id='word_1_455' title='bbox 602 2416 698 2450; x_wconf 84' lang='lat' dir='ltr'>anth.</span> <span class='ocrx_word' id='word_1_456' title='bbox 725 2416 853 2451; x_wconf 88' lang='lat' dir='ltr'>erectis</span> <span class='ocrx_word' id='word_1_457' title='bbox 877 2416 997 2461; x_wconf 89' lang='lat' dir='ltr'>calyce</span> <span class='ocrx_word' id='word_1_458' title='bbox 1023 2417 1257 2463; x_wconf 88' lang='lat' dir='ltr'>brevioribus,</span> <span class='ocrx_word' id='word_1_459' title='bbox 1292 2417 1487 2454; x_wconf 85' lang='lat' dir='ltr'>fructiferis</span> <span class='ocrx_word' id='word_1_460' title='bbox 1512 2419 1677 2453; x_wconf 87' lang='lat' dir='ltr'>refractis</span> <span class='ocrx_word' id='word_1_461' title='bbox 1702 2419 1858 2464; x_wconf 88' lang='lat' dir='ltr'>calycem</span> 
     </span>
     <span class='ocr_line' id='line_1_45' title="bbox 158 2459 1858 2511; baseline 0.004 -18"><span class='ocrx_word' id='word_1_462' title='bbox 158 2459 469 2505; x_wconf 88' lang='lat' dir='ltr'>subaequantibus,</span> <span class='ocrx_word' id='word_1_463' title='bbox 495 2462 648 2497; x_wconf 89' lang='lat' dir='ltr'>bracteis</span> <span class='ocrx_word' id='word_1_464' title='bbox 673 2462 919 2498; x_wconf 87' lang='lat' dir='ltr'>foliiformibus</span> <span class='ocrx_word' id='word_1_465' title='bbox 938 2463 1130 2508; x_wconf 85' lang='lat' dir='ltr'>pedicellos</span> <span class='ocrx_word' id='word_1_466' title='bbox 1145 2464 1246 2507; x_wconf 87' lang='lat' dir='ltr'>longe</span> <span class='ocrx_word' id='word_1_467' title='bbox 1265 2465 1531 2510; x_wconf 71' lang='lat' dir='ltr'>superantibus,</span> <span class='ocrx_word' id='word_1_468' title='bbox 1557 2465 1677 2511; x_wconf 86' lang='lat' dir='ltr'>calyce</span> <span class='ocrx_word' id='word_1_469' title='bbox 1696 2465 1858 2500; x_wconf 84' lang='lat' dir='ltr'>6-7“‘l.</span> 
     </span>
     <span class='ocr_line' id='line_1_46' title="bbox 156 2505 1857 2556; baseline 0.004 -17"><span class='ocrx_word' id='word_1_470' title='bbox 156 2505 230 2541; x_wconf 89' lang='lat' dir='ltr'>basi</span> <span class='ocrx_word' id='word_1_471' title='bbox 256 2512 418 2542; x_wconf 86' lang='lat' dir='ltr'>truncato</span> <span class='ocrx_word' id='word_1_472' title='bbox 444 2509 630 2544; x_wconf 86' lang='lat' dir='ltr'>10—striato</span> <span class='ocrx_word' id='word_1_473' title='bbox 657 2510 798 2553; x_wconf 87' lang='lat' dir='ltr'>evenio,</span> <span class='ocrx_word' id='word_1_474' title='bbox 826 2510 889 2544; x_wconf 90' lang='lat' dir='ltr'>sub</span> <span class='ocrx_word' id='word_1_475' title='bbox 917 2511 1011 2544; x_wconf 86' lang='lat' dir='ltr'>anth.</span> <span class='ocrx_word' id='word_1_476' title='bbox 1038 2510 1251 2556; x_wconf 87' lang='lat' dir='ltr'>cylindrico,</span> <span class='ocrx_word' id='word_1_477' title='bbox 1287 2512 1470 2547; x_wconf 87' lang='lat' dir='ltr'>fructifero</span> <span class='ocrx_word' id='word_1_478' title='bbox 1495 2513 1633 2547; x_wconf 82' lang='lat' dir='ltr'>clavato</span> <span class='ocrx_word' id='word_1_479' title='bbox 1649 2541 1656 2555; x_wconf 92' lang='lat'>,</span> <span class='ocrx_word' id='word_1_480' title='bbox 1694 2512 1857 2546; x_wconf 86' lang='lat' dir='ltr'>dentibus</span> 
     </span>
     <span class='ocr_line' id='line_1_47' title="bbox 155 2551 1858 2604; baseline 0.004 -19"><span class='ocrx_word' id='word_1_481' title='bbox 155 2551 363 2589; x_wconf 89' lang='lat' dir='ltr'>lanceolatis</span> <span class='ocrx_word' id='word_1_482' title='bbox 388 2555 713 2598; x_wconf 80' lang='lat' dir='ltr'>albo-marginatis;</span> <span class='ocrx_word' id='word_1_483' title='bbox 739 2557 964 2600; x_wconf 88' lang='lat' dir='ltr'>anthophoro</span> <span class='ocrx_word' id='word_1_484' title='bbox 990 2557 1182 2601; x_wconf 86' lang='lat' dir='ltr'>cylindrico</span> <span class='ocrx_word' id='word_1_485' title='bbox 1207 2557 1358 2593; x_wconf 85' lang='lat' dir='ltr'>medium</span> <span class='ocrx_word' id='word_1_486' title='bbox 1377 2560 1533 2604; x_wconf 84' lang='lat' dir='ltr'>calycem</span> <span class='ocrx_word' id='word_1_487' title='bbox 1551 2564 1737 2604; x_wconf 81' lang='lat' dir='ltr'>aequante,</span> <span class='ocrx_word' id='word_1_488' title='bbox 1761 2563 1858 2603; x_wconf 86' lang='lat' dir='ltr'>peta-</span> 
     </span>
     <span class='ocr_line' id='line_1_48' title="bbox 156 2598 1856 2651; baseline 0.004 -19"><span class='ocrx_word' id='word_1_489' title='bbox 156 2598 268 2633; x_wconf 89' lang='lat' dir='ltr'>lorum</span> <span class='ocrx_word' id='word_1_490' title='bbox 294 2601 467 2644; x_wconf 85' lang='lat' dir='ltr'>unguibus</span> <span class='ocrx_word' id='word_1_491' title='bbox 492 2602 593 2646; x_wconf 88' lang='lat' dir='ltr'>longe</span> <span class='ocrx_word' id='word_1_492' title='bbox 619 2603 782 2648; x_wconf 82' lang='lat' dir='ltr'>exsertis,</span> <span class='ocrx_word' id='word_1_493' title='bbox 809 2603 925 2647; x_wconf 88' lang='lat' dir='ltr'>alatis,</span> <span class='ocrx_word' id='word_1_494' title='bbox 951 2603 1057 2639; x_wconf 89' lang='lat' dir='ltr'>limbo</span> <span class='ocrx_word' id='word_1_495' title='bbox 1083 2604 1273 2640; x_wconf 88' lang='lat' dir='ltr'>obcordato</span> <span class='ocrx_word' id='word_1_496' title='bbox 1299 2616 1426 2650; x_wconf 87' lang='lat' dir='ltr'>magno</span> <span class='ocrx_word' id='word_1_497' title='bbox 1451 2617 1563 2651; x_wconf 86' lang='lat' dir='ltr'>roseo,</span> <span class='ocrx_word' id='word_1_498' title='bbox 1589 2616 1739 2641; x_wconf 88' lang='lat' dir='ltr'>coronae</span> <span class='ocrx_word' id='word_1_499' title='bbox 1764 2605 1856 2640; x_wconf 90' lang='lat' dir='ltr'>labis</span> 
     </span>
     <span class='ocr_line' id='line_1_49' title="bbox 156 2646 1857 2696; baseline 0.005 -18"><span class='ocrx_word' id='word_1_500' title='bbox 156 2646 374 2693; x_wconf 82' lang='lat' dir='ltr'>rotundatis3</span> <span class='ocrx_word' id='word_1_501' title='bbox 411 2649 559 2694; x_wconf 91' lang='lat' dir='ltr'>capsula</span> <span class='ocrx_word' id='word_1_502' title='bbox 583 2650 854 2694; x_wconf 77' lang='lat' dir='ltr'>ovato-oblonga</span> <span class='ocrx_word' id='word_1_503' title='bbox 878 2649 1035 2695; x_wconf 86' lang='lat' dir='ltr'>inclusa,</span> <span class='ocrx_word' id='word_1_504' title='bbox 1072 2651 1265 2686; x_wconf 87' lang='lat' dir='ltr'>seminibus</span> <span class='ocrx_word' id='word_1_505' title='bbox 1291 2653 1474 2696; x_wconf 75' lang='lat' dir='ltr'>eleganter</span> <span class='ocrx_word' id='word_1_506' title='bbox 1498 2652 1857 2695; x_wconf 84' lang='lat' dir='ltr'>areolato-striolatis,</span> 
     </span>
     <span class='ocr_line' id='line_1_50' title="bbox 154 2691 1254 2742; baseline 0.006 -17"><span class='ocrx_word' id='word_1_507' title='bbox 154 2691 429 2730; x_wconf 87' lang='lat' dir='ltr'>cinereo-fuscis.</span> <span class='ocrx_word' id='word_1_508' title='bbox 479 2695 594 2730; x_wconf 89' lang='lat' dir='ltr'>Striae</span> <span class='ocrx_word' id='word_1_509' title='bbox 620 2696 751 2742; x_wconf 90' lang='lat' dir='ltr'>calycis</span> <span class='ocrx_word' id='word_1_510' title='bbox 774 2697 809 2730; x_wconf 91' lang='lat' dir='ltr'>in</span> <span class='ocrx_word' id='word_1_511' title='bbox 835 2702 918 2742; x_wconf 86' lang='lat' dir='ltr'>typo</span> <span class='ocrx_word' id='word_1_512' title='bbox 942 2704 1254 2742; x_wconf 85' lang='lat' dir='ltr'>purpurascentes.</span> 
     </span>
    </p>
   </div>
   <div class='ocr_carea' id='block_1_10' title="bbox 294 2752 1856 2881">
    <p class='ocr_par' dir='ltr' id='par_1_10' title="bbox 294 2752 1856 2881">
     <span class='ocr_line' id='line_1_51' title="bbox 294 2752 1854 2801; baseline 0.003 -15"><span class='ocrx_word' id='word_1_513' title='bbox 294 2755 331 2794; x_wconf 75' lang='grc' dir='ltr'>β.</span> <span class='ocrx_word' id='word_1_514' title='bbox 357 2752 538 2788; x_wconf 86' lang='lat' dir='ltr'>elatior</span> <span class='ocrx_word' id='word_1_515' title='bbox 563 2754 651 2789; x_wconf 88' lang='lat' dir='ltr'>WK.</span> <span class='ocrx_word' id='word_1_516' title='bbox 677 2755 699 2788; x_wconf 94' lang='lat' dir='ltr'>l.</span> <span class='ocrx_word' id='word_1_517' title='bbox 727 2765 767 2800; x_wconf 90' lang='lat' dir='ltr'>c.,</span> <span class='ocrx_word' id='word_1_518' title='bbox 793 2759 817 2789; x_wconf 92' lang='lat' dir='ltr'>t.</span> <span class='ocrx_word' id='word_1_519' title='bbox 844 2756 898 2799; x_wconf 67' lang='lat'>34,</span> <span class='ocrx_word' id='word_1_520' title='bbox 924 2754 964 2799; x_wconf 86' lang='lat' dir='ltr'>B,</span> <span class='ocrx_word' id='word_1_521' title='bbox 989 2754 1106 2799; x_wconf 88' lang='lat' dir='ltr'>altior,</span> <span class='ocrx_word' id='word_1_522' title='bbox 1129 2756 1229 2791; x_wconf 86' lang='lat' dir='ltr'>caule</span> <span class='ocrx_word' id='word_1_523' title='bbox 1254 2757 1369 2793; x_wconf 88' lang='lat' dir='ltr'>minus</span> <span class='ocrx_word' id='word_1_524' title='bbox 1394 2768 1542 2801; x_wconf 84' lang='lat' dir='ltr'>ramoso,</span> <span class='ocrx_word' id='word_1_525' title='bbox 1567 2757 1715 2791; x_wconf 88' lang='lat' dir='ltr'>floribus</span> <span class='ocrx_word' id='word_1_526' title='bbox 1743 2756 1854 2790; x_wconf 88' lang='lat' dir='ltr'>mino·</span> 
     </span>
     <span class='ocr_line' id='line_1_52' title="bbox 361 2799 1856 2881; baseline 0.002 -47"><span class='ocrx_word' id='word_1_527' title='bbox 361 2799 468 2881; x_wconf 47' lang='grc'><strong>83131138</strong></span> <span class='ocrx_word' id='word_1_528' title='bbox 485 2801 622 2845; x_wconf 88' lang='lat' dir='ltr'>longius</span> <span class='ocrx_word' id='word_1_529' title='bbox 647 2801 882 2860; x_wconf 60' lang='lat' dir='ltr'>pedicellatis,</span> <span class='ocrx_word' id='word_1_530' title='bbox 909 2801 1005 2837; x_wconf 86' lang='lat' dir='ltr'>striis</span> <span class='ocrx_word' id='word_1_531' title='bbox 1033 2802 1201 2848; x_wconf 89' lang='lat' dir='ltr'>calycinis</span> <span class='ocrx_word' id='word_1_532' title='bbox 1227 2803 1407 2850; x_wconf 88' lang='lat' dir='ltr'>viridibus,</span> <span class='ocrx_word' id='word_1_533' title='bbox 1432 2805 1580 2850; x_wconf 87' lang='lat' dir='ltr'>petalor.</span> <span class='ocrx_word' id='word_1_534' title='bbox 1606 2804 1780 2847; x_wconf 88' lang='lat' dir='ltr'>unguibus</span> <span class='ocrx_word' id='word_1_535' title='bbox 1805 2803 1856 2837; x_wconf 90' lang='lat' dir='ltr'>in-</span> 
     </span>
    </p>
   </div>
   <div class='ocr_carea' id='block_1_11' title="bbox 205 2899 1855 3096">
    <p class='ocr_par' dir='ltr' id='par_1_11' title="bbox 205 2899 1855 3096">
     <span class='ocr_line' id='line_1_53' title="bbox 255 2899 1854 2953; baseline 0.005 -18"><span class='ocrx_word' id='word_1_536' title='bbox 255 2899 296 2953; x_wconf 77' lang='lat' dir='ltr'>In</span> <span class='ocrx_word' id='word_1_537' title='bbox 321 2903 495 2939; x_wconf 87' lang='lat' dir='ltr'>sabulosis</span> <span class='ocrx_word' id='word_1_538' title='bbox 520 2905 707 2942; x_wconf 89' lang='lat' dir='ltr'>maritimis</span> <span class='ocrx_word' id='word_1_539' title='bbox 732 2905 916 2941; x_wconf 85' lang='lat' dir='ltr'>Galleciae</span> <span class='ocrx_word' id='word_1_540' title='bbox 939 2906 1010 2952; x_wconf 87' lang='lat' dir='ltr'>(pr.</span> <span class='ocrx_word' id='word_1_541' title='bbox 1020 2905 1122 2951; x_wconf 90' lang='lat' dir='ltr'>Vigo,</span> <span class='ocrx_word' id='word_1_542' title='bbox 1147 2906 1291 2952; x_wconf 83' lang='lat' dir='ltr'>LGE.!),</span> <span class='ocrx_word' id='word_1_543' title='bbox 1317 2910 1417 2953; x_wconf 86' lang='lat' dir='ltr'>regni</span> <span class='ocrx_word' id='word_1_544' title='bbox 1431 2909 1570 2945; x_wconf 90' lang='lat' dir='ltr'>Valent.</span> <span class='ocrx_word' id='word_1_545' title='bbox 1597 2910 1663 2952; x_wconf 90' lang='lat' dir='ltr'>(pr.</span> <span class='ocrx_word' id='word_1_546' title='bbox 1688 2909 1765 2943; x_wconf 89' lang='lat' dir='ltr'>urb.</span> <span class='ocrx_word' id='word_1_547' title='bbox 1784 2907 1854 2943; x_wconf 88' lang='lat' dir='ltr'>Va-</span> 
     </span>
     <span class='ocr_line' id='line_1_54' title="bbox 208 2944 1853 3000; baseline 0.007 -22"><span class='ocrx_word' id='word_1_548' title='bbox 208 2944 332 2991; x_wconf 82' lang='lat' dir='ltr'>lencia,</span> <span class='ocrx_word' id='word_1_549' title='bbox 358 2949 416 2984; x_wconf 89' lang='lat' dir='ltr'>hb.</span> <span class='ocrx_word' id='word_1_550' title='bbox 435 2951 556 2987; x_wconf 88' lang='lat' dir='ltr'>BOUT.</span> <span class='ocrx_word' id='word_1_551' title='bbox 567 2953 589 2997; x_wconf 88' lang='grc'>1)</span> <span class='ocrx_word' id='word_1_552' title='bbox 614 2959 650 2988; x_wconf 91' lang='lat' dir='ltr'>et</span> <span class='ocrx_word' id='word_1_553' title='bbox 674 2953 865 2998; x_wconf 88' lang='lat' dir='ltr'>praecipue</span> <span class='ocrx_word' id='word_1_554' title='bbox 882 2952 1030 2988; x_wconf 88' lang='lat' dir='ltr'>Granat.</span> <span class='ocrx_word' id='word_1_555' title='bbox 1056 2953 1114 2997; x_wconf 89' lang='lat' dir='ltr'>(ad</span> <span class='ocrx_word' id='word_1_556' title='bbox 1141 2966 1249 2998; x_wconf 91' lang='lat' dir='ltr'>prom.</span> <span class='ocrx_word' id='word_1_557' title='bbox 1277 2956 1371 2990; x_wconf 80' lang='lat' dir='ltr'>Cabo</span> <span class='ocrx_word' id='word_1_558' title='bbox 1396 2956 1439 2991; x_wconf 90' lang='lat' dir='ltr'>de</span> <span class='ocrx_word' id='word_1_559' title='bbox 1457 2955 1561 3000; x_wconf 88' lang='lat' dir='ltr'>Gata,</span> <span class='ocrx_word' id='word_1_560' title='bbox 1588 2955 1766 2991; x_wconf 81' lang='lat' dir='ltr'>WINKL.!</span> <span class='ocrx_word' id='word_1_561' title='bbox 1791 2955 1853 2990; x_wconf 89' lang='lat' dir='ltr'>int.</span> 
     </span>
     <span class='ocr_line' id='line_1_55' title="bbox 205 2990 1854 3047; baseline 0.007 -22"><span class='ocrx_word' id='word_1_562' title='bbox 205 2990 239 3025; x_wconf 93' lang='lat' dir='ltr'>S.</span> <span class='ocrx_word' id='word_1_563' title='bbox 265 2992 388 3037; x_wconf 87' lang='lat' dir='ltr'>Roque</span> <span class='ocrx_word' id='word_1_564' title='bbox 413 3002 448 3032; x_wconf 87' lang='lat' dir='ltr'>et</span> <span class='ocrx_word' id='word_1_565' title='bbox 473 2998 678 3046; x_wconf 87' lang='lat' dir='ltr'>Estepona,</span> <span class='ocrx_word' id='word_1_566' title='bbox 703 3000 808 3044; x_wconf 84' lang='lat' dir='ltr'>BSS.,</span> <span class='ocrx_word' id='word_1_567' title='bbox 833 3000 897 3035; x_wconf 91' lang='lat' dir='ltr'>int.</span> <span class='ocrx_word' id='word_1_568' title='bbox 920 3000 975 3035; x_wconf 89' lang='lat' dir='ltr'>La</span> <span class='ocrx_word' id='word_1_569' title='bbox 1000 2999 1194 3046; x_wconf 89' lang='lat' dir='ltr'>Savenilla,</span> <span class='ocrx_word' id='word_1_570' title='bbox 1220 3002 1412 3047; x_wconf 89' lang='lat' dir='ltr'>Estepona,</span> <span class='ocrx_word' id='word_1_571' title='bbox 1438 3001 1618 3037; x_wconf 89' lang='lat' dir='ltr'>Marbella</span> <span class='ocrx_word' id='word_1_572' title='bbox 1642 3007 1677 3037; x_wconf 88' lang='lat' dir='ltr'>et</span> <span class='ocrx_word' id='word_1_573' title='bbox 1700 3001 1854 3045; x_wconf 88' lang='lat' dir='ltr'>Fuengi-</span> 
     </span>
     <span class='ocr_line' id='line_1_56' title="bbox 205 3037 1855 3096; baseline 0.007 -24"><span class='ocrx_word' id='word_1_574' title='bbox 205 3037 293 3082; x_wconf 87' lang='lat' dir='ltr'>rola,</span> <span class='ocrx_word' id='word_1_575' title='bbox 319 3039 432 3087; x_wconf 81' lang='lat' dir='ltr'>WK.),</span> <span class='ocrx_word' id='word_1_576' title='bbox 458 3043 650 3082; x_wconf 87' lang='lat' dir='ltr'>Gibraltar.</span> <span class='ocrx_word' id='word_1_577' title='bbox 676 3047 745 3093; x_wconf 90' lang='lat' dir='ltr'>(pr.</span> <span class='ocrx_word' id='word_1_578' title='bbox 770 3047 806 3082; x_wconf 87' lang='lat' dir='ltr'>la</span> <span class='ocrx_word' id='word_1_579' title='bbox 830 3046 963 3092; x_wconf 86' lang='lat' dir='ltr'>Caleta,</span> <span class='ocrx_word' id='word_1_580' title='bbox 991 3046 1098 3092; x_wconf 84' lang='lat' dir='ltr'>WK.,</span> <span class='ocrx_word' id='word_1_581' title='bbox 1123 3048 1228 3096; x_wconf 86' lang='lat' dir='ltr'>Bss.,</span> <span class='ocrx_word' id='word_1_582' title='bbox 1254 3049 1381 3086; x_wconf 79' lang='lat' dir='ltr'>REUT.</span> <span class='ocrx_word' id='word_1_583' title='bbox 1392 3050 1414 3094; x_wconf 83' lang='grc'>1)</span> <span class='ocrx_word' id='word_1_584' title='bbox 1439 3053 1475 3085; x_wconf 86' lang='lat' dir='ltr'>et</span> <span class='ocrx_word' id='word_1_585' title='bbox 1497 3049 1598 3086; x_wconf 91' lang='lat' dir='ltr'>Baet.</span> <span class='ocrx_word' id='word_1_586' title='bbox 1624 3048 1691 3094; x_wconf 89' lang='lat' dir='ltr'>(pr.</span> <span class='ocrx_word' id='word_1_587' title='bbox 1716 3048 1855 3093; x_wconf 87' lang='lat' dir='ltr'>Algeci-</span> 
     </span>
    </p>
   </div>
  </div>
 </body>
</html>
