1976 3314
897 102 983 146 121

131 228 166 258 et
190 234 327 258 mecum
353 223 622 258 communicatis
654 229 778 257 exacte
811 229 1020 264 congruunt.
1071 223 1221 258 Accedit
1247 224 1338 267 quod
1365 224 1558 268 specimina
1583 230 1618 259 et
1645 224 1797 259 Boissie-

133 270 235 304 riana
269 275 305 305 et
331 270 553 314 Camposana
587 280 764 313 nunquam
802 270 936 304 habent
966 269 1072 305 fiores
1099 271 1261 313 sessiles,
1299 276 1336 304 ut
1367 271 1470 304 affert
1502 271 1544 305 cl.
1570 271 1728 305 Boissier
1761 272 1798 305 in

132 316 292 360 diagnosi
319 317 439 359 citata,
467 316 529 351 sed
552 317 741 361 conspicue
768 316 1012 361 pedicellatos,
1038 316 1234 361 pedicellos
1260 328 1385 361 nempe
1404 317 1559 362 calycem
1579 318 1798 362 subaequan-

131 367 197 398 tes.
223 383 267 388 —
294 363 411 408 Stirps
443 373 465 397 a
498 363 539 397 cl.
567 364 689 407 Lange
724 364 759 397 in
786 364 905 398 Sierra
940 363 982 397 de
1017 363 1263 398 Guadarrama
1296 364 1338 398 ad
1366 365 1442 399 Pto.
1477 364 1519 398 de
1545 364 1798 399 Navacerrada

130 410 243 453 lecta,
278 421 383 454 quam
418 421 484 443 non
509 410 598 453 vidi,
632 410 866 456 probabiliter
896 410 939 444 ad
967 411 1001 445 S.
1027 410 1264 455 Carpetanam
1298 411 1487 455 referenda
1517 411 1605 455 erit,
1638 411 1674 445 id
1706 411 1796 455 quod

131 457 309 492 botanicis
335 457 616 492 Madritensibus
641 457 911 492 discernendum
939 457 1110 501 relinquo.

179 538 282 571 3205.
333 540 370 572 S.
398 541 635 572 Kunzeana
663 537 748 571 WK.
782 537 874 572 ined.
907 538 952 581 (S.
981 537 1175 571 Aruudana
1209 548 1281 571 var.
1318 547 1465 580 procera
1491 537 1588 571 ΚΖΕ.
1625 549 1681 582 ap.
1710 537 1798 572 WK.

84 584 132 629 pl.
159 595 232 618 exs.
262 585 352 618 1845
370 596 402 618 n.
421 587 489 619 818
517 590 552 619 et
569 585 687 619 Chlor.
706 584 938 629 austro-hisp.
964 596 986 618 n
1016 585 1119 626 8181)
1158 583 1288 618 Differt
1313 594 1333 617 a
1361 584 1523 628 praeced.
1551 585 1651 619 caule
1677 595 1798 619 crasso

84 641 223 673 cernuo,
250 631 345 665 foliis
371 631 568 666 carnosulis
595 631 935 674 cordato-oblongis,
962 631 1134 676 profunde
1162 630 1436 675 5—7-partitis,
1461 631 1601 665 laciniis
1626 631 1799 675 oblongis,

85 677 235 712 caulinis
263 678 424 713 omnibus
450 678 623 723 profunde
650 678 914 723 3—5-partitis,
940 678 1088 713 floribus
1115 678 1479 721 racemoso-cymosis,
1505 678 1652 713 ramulis
1678 689 1799 723 cymae

84 724 365 770 pedunculisque
392 726 596 760 nutantibus
624 725 874 768 subsecundis,
908 725 1117 770 pedunculis
1144 725 1276 759 crassis
1300 725 1494 760 fructiferis
1520 730 1801 760 arcuato-recur-

85 772 186 815 vatis,
213 772 346 816 sepalis
365 772 657 815 ovato-oblongis,
684 773 814 816 petalis
832 773 1003 813 cuneatis,
1022 772 1183 806 antheris
1203 772 1369 814 globosis,
1397 772 1624 812 stigmatibus
1643 773 1800 816 clavatis,

84 819 195 854 ovarii
214 819 344 853 vertice
363 830 527 863 convexo,
553 819 701 863 capsula
732 819 895 863 pendula.
920 840 958 844 -
981 819 1110 854 Planta
1128 818 1363 864 spithamaea,
1389 819 1800 864 glanduloso-puberula.

178 888 219 921 In
243 887 416 931 glareosis
441 888 596 930 regionis
622 893 776 923 montan.
803 893 839 922 et
870 888 1046 932 subalpin.
1082 889 1211 923 montis
1238 889 1357 923 Sierra
1383 888 1425 923 de
1452 889 1645 933 Yunquera
1669 888 1712 923 ad
1740 889 1800 923 alt.

132 935 379 968 5000—5500‘
406 935 536 979 (WK.).
564 954 606 958 —
639 943 675 975 21.
701 935 787 980 Apr.
815 936 925 980 Majo.
954 939 997 979 (v.
1025 936 1067 977 v.)

179 1015 282 1049 3206.
337 1018 374 1049 S.
401 1017 614 1050 biternata
641 1016 724 1050 BSS.
751 1015 839 1060 Voy.
866 1016 937 1050 bot.
965 1015 1052 1060 Esp.
1080 1028 1111 1060 p.
1139 1017 1218 1054 231,
1245 1021 1268 1049 t.
1297 1017 1361 1050 64!
1405 1015 1624 1059 Caespitosa,
1651 1015 1799 1058 fragilis,

85 1061 281 1097 caudiculis
309 1063 514 1106 repentibus
541 1062 683 1097 nodosis
708 1063 845 1097 alterne
877 1063 1029 1100 foliatis,
1066 1074 1105 1096 ex
1140 1062 1258 1097 axillis
1290 1062 1455 1097 foliorum
1486 1073 1642 1105 gemmas
1668 1062 1802 1106 vaginis

84 1109 270 1144 latissimis
302 1109 464 1144 soliorum
499 1110 709 1154 juvenilium
741 1115 855 1144 tectas
889 1109 1094 1153 edentibus,
1129 1109 1229 1153 apice
1266 1110 1300 1142 in
1333 1109 1468 1154 caulem
1503 1108 1696 1144 floriferum
1723 1110 1801 1144 sub-

84 1156 579 1200 geniculato-adscendentem
616 1157 847 1199 abeuntibus3
885 1157 981 1191 foliis
1020 1156 1284 1191 caudiculorum
1318 1156 1537 1199 caulinisque
1576 1157 1802 1191 inferioribus

86 1204 288 1247 longissime
320 1203 517 1248 petiolatis,
554 1204 697 1248 petiolis
733 1203 868 1239 strictis
904 1204 980 1238 basi
1015 1204 1051 1237 in
1085 1204 1249 1246 vaginam
1282 1210 1384 1238 acute
1411 1203 1607 1238 carinatam
1633 1203 1803 1247 dilatatis,

88 1251 252 1285 tenuibus
277 1250 416 1284 demum
442 1250 665 1291 divaricatis,
693 1250 802 1285 limbo
827 1250 1140 1291 biternato-secto,
1176 1251 1366 1294 segmentis
1392 1250 1613 1295 petiolulatis
1638 1250 1804 1294 inaequa-

84 1298 168 1331 liter
194 1297 412 1341 3——5-lobis,
447 1297 535 1332 lobis
569 1298 652 1333 latis
685 1299 796 1332 ovatis
832 1297 1095 1338 rotundatisve,
1129 1298 1189 1331 fol.
1215 1297 1365 1331 caulinis
1402 1298 1644 1342 superioribus
1672 1298 1799 1332 sensim

90 1345 204 1379 minus
230 1344 351 1379 divisis
384 1344 641 1389 ternatisectis,
674 1344 754 1378 dein
790 1344 935 1387 trifidis,
973 1345 1118 1379 summis
1148 1345 1183 1378 in
1216 1346 1381 1379 bracteas
1415 1345 1631 1379 lanceolatas
1659 1345 1802 1380 sessiles

88 1392 218 1426 sensim
238 1392 523 1435 transeuntibus,
550 1392 649 1426 caule
672 1393 787 1425 3—6“
806 1392 840 1431 l.,
868 1392 973 1426 ramis
992 1392 1117 1436 paucis
1135 1391 1352 1436 pam-ifloris,
1380 1391 1508 1426 infimis
1536 1402 1641 1435 saepe
1668 1392 1802 1436 simpli-

87 1438 239 1473 cissimis
267 1438 369 1473 nudis
395 1439 528 1473 strictis
551 1438 723 1477 unifioris,
747 1438 894 1473 fioribus
915 1439 1016 1482 longe
1037 1439 1286 1484 pedunculatis
1316 1439 1463 1481 erectis,
1487 1439 1619 1483 sepalis
1643 1440 1804 1473 obovato-

85 1485 245 1529 oblongis
263 1486 464 1528 oblongisve
483 1491 559 1520 toro
578 1486 863 1530 hemisphaerico
883 1485 990 1530 duplo
1008 1486 1236 1530 longioribus
1264 1486 1393 1530 petalis
1419 1486 1803 1530 spathulam-cuneatis

90 1533 210 1578 calyce
237 1533 405 1576 2ss—3-plo
432 1533 660 1576 longimibus,
686 1533 917 1578 triplinerviis
944 1533 1046 1577 albis,
1076 1533 1286 1568 staminibus
1313 1532 1443 1577 petalis
1468 1532 1612 1567 dimidio
1639 1533 1803 1566 breviori-

88 1581 164 1624 bus,
192 1579 294 1624 stylis
320 1579 544 1614 filiformibus
570 1580 693 1624 sepala
718 1580 954 1623 aequantibus
980 1580 1119 1614 demum
1146 1580 1408 1624 superantibus,
1440 1579 1663 1622 stigmatibus
1689 1580 1804 1614 clava-

86 1626 150 1671 tis,
184 1626 332 1671 capsula
356 1632 515 1661 nutante.
540 1647 580 1651 —-
609 1627 750 1671 Species
784 1627 1060 1671 persingularis,
1097 1627 1179 1671 pilis
1212 1626 1460 1661 arachnoideis
1496 1627 1661 1662 mollibus
1687 1627 1800 1669 longis

85 1673 166 1718 plus
201 1673 315 1707 minus
349 1673 475 1708 villosa
507 1673 653 1708 viscida.
704 1674 832 1708 Variat
869 1674 962 1708 foliis
1001 1673 1217 1718 floribusque
1252 1674 1445 1718 majoribus
1482 1673 1624 1717 (petalis
1659 1673 1703 1707 ad
1741 1674 1799 1707 8¹¹¹

88 1730 199 1764 usque
225 1720 266 1764 l.)
291 1725 325 1754 et
342 1720 549 1755 minoribus.
597 1720 726 1755 Petioli
751 1721 786 1754 in
812 1721 926 1755 forma
951 1722 1085 1765 majore
1103 1721 1147 1755 ad
1167 1720 1273 1765 2¹(2“,
1300 1720 1489 1765 pedunculi
1512 1720 1557 1754 ad
1577 1719 1668 1763 1¹s2“
1688 1731 1800 1764 usque

90 1767 197 1810 longi.

182 1826 222 1859 In
248 1825 384 1860 fissuris
418 1824 557 1869 rupium
591 1825 838 1859 umbrosarum
872 1825 1026 1868 regionis
1057 1825 1199 1869 alpinae
1231 1826 1331 1869 regni
1357 1825 1505 1860 Granat.
1539 1825 1649 1861 occid.
1684 1825 1801 1859 rarius

135 1873 281 1917 (Torcal
316 1871 358 1906 de
389 1871 611 1915 Antequera,
647 1872 789 1907 PROL!
825 1872 922 1916 Bss.,
960 1872 1129 1907 Serrania
1162 1872 1205 1906 de
1237 1872 1382 1913 Ronda,
1420 1873 1524 1915 BSS.,
1559 1872 1729 1915 REUT.!).
1755 1891 1802 1896 -—

137 1927 173 1960 21.
200 1919 281 1953 Jun.
307 1918 378 1953 Jul.
407 1921 448 1964 (v.
475 1920 517 1962 s.)

181 2001 285 2034 3207.
337 2002 374 2034 S.
401 2001 661 2040 gemmulosa
690 1999 774 2033 BSS.
810 1999 866 2033 El.
902 2011 935 2044 p.
963 2001 1003 2033 31
1040 2005 1075 2034 et
1100 1999 1189 2044 Voy.
1216 2000 1285 2033 bot.
1311 2012 1344 2044 p.
1372 2001 1457 2041 232,
1485 2005 1508 2034 t.
1536 2001 1598 2034 64!
1637 1999 1725 2033 WK.
1751 2000 1798 2044 pl.

90 2046 182 2091 hisp.
211 2057 284 2081 exs.
314 2047 415 2090 1845,
442 2058 474 2080 n.
503 2047 590 2080 734!
636 2045 856 2091 Caespitosa,
882 2045 1085 2089 fragillima,
1114 2046 1206 2081 inter
1231 2047 1382 2090 petiolos
1407 2046 1570 2080 foliorum
1595 2046 1801 2081 basilarium

91 2094 309 2137 gemmifera,
336 2093 429 2127 foliis
447 2093 592 2128 basilar.
610 2093 713 2135 longe
731 2093 924 2137 petiolatis,
951 2093 1093 2138 petiolis
1118 2093 1340 2128 filiformibus
1367 2095 1400 2128 in
1425 2094 1587 2137 vaginam
1606 2094 1801 2128 carinatam

90 2141 199 2175 latam
226 2140 402 2183 dilatatis,
428 2140 535 2175 limbo
561 2140 881 2185 palmato-trisecto
906 2153 935 2175 v.
962 2140 1135 2185 profunde
1161 2141 1360 2185 tripartito,
1387 2140 1579 2183 segmentis
1606 2146 1667 2174 aut
1693 2141 1801 2184 parti-

86 2187 241 2222 tionibus
267 2187 477 2222 lateralibus
507 2187 575 2226 bi-,
611 2187 829 2222 intermediis
860 2187 1019 2231 trilobis,
1056 2188 1147 2222 lobis
1181 2187 1466 2222 inciso-crenatis
1499 2199 1527 2220 v.
1562 2187 1710 2223 lobatiS.
1742 2187 1802 2222 fol.

89 2234 238 2269 caulinis
264 2234 457 2278 tripartitis
484 2233 612 2268 trifidis
639 2235 840 2278 integrisve‚
868 2234 1108 2279 superioribus
1133 2235 1334 2272 sessilibus:
1362 2234 1460 2269 caule
1481 2236 1591 2270 2-5¹‘
1608 2234 1631 2268 1.
1651 2234 1803 2279 simplici

86 2293 116 2315 v.
144 2292 166 2315 a
190 2280 306 2315 medio
332 2282 524 2318 ramuloso,
558 2281 666 2315 ramis
699 2281 919 2325 paucifloris,
951 2282 1160 2325 pedunculis
1192 2281 1307 2325 longis
1338 2282 1504 2315 tenuibus
1531 2287 1609 2326 post
1633 2282 1798 2316 anthesin

89 2329 249 2371 cernuis,
288 2329 422 2372 sepalis
455 2327 567 2362 ovatis
601 2334 678 2362 toro
713 2328 999 2372 hemisphaerico
1033 2329 1271 2372 longioribus,
1311 2329 1440 2373 petalis
1477 2328 1804 2371 oblmigo—cuneatis

85 2375 206 2419 calyce
232 2375 338 2419 triplo
365 2375 583 2417 longioribus
608 2375 786 2410 trinerviis
811 2375 920 2417 albis,
949 2375 1163 2418 genitalibus
1191 2376 1348 2417 inclusis,
1375 2376 1534 2410 antheris
1560 2375 1732 2418 oblongis.
1761 2396 1800 2399 —

88 2421 181 2456 Tota
205 2422 328 2465 planta
352 2433 460 2466 parce
486 2421 952 2466 arachnoideo-pubescens,
981 2433 1131 2467 superne
1155 2422 1519 2466 glanduloso-viscida
1545 2422 1676 2467 speciei
1703 2433 1803 2466 prae-

88 2468 246 2503 cedentis
272 2469 462 2512 imaginem
488 2469 590 2512 quasi
615 2469 786 2504 minutam
813 2470 993 2504 exhibet.-

180 2526 220 2559 In
245 2525 382 2561 fissuris
415 2527 555 2571 rupium
590 2527 835 2562 calcarearum
870 2527 1023 2571 regionis
1057 2532 1211 2562 montan.
1248 2532 1282 2561 et
1314 2527 1489 2571 subalpin.
1525 2527 1624 2570 regni
1655 2526 1800 2561 Granat.

132 2572 305 2607 occident.
332 2573 375 2607 ad
402 2574 463 2608 alt.
491 2575 737 2608 3000—4500‘
764 2586 847 2609 raro
875 2575 1007 2619 (Sierra
1032 2573 1074 2608 de
1102 2574 1298 2618 Estepona,
1325 2575 1429 2609 BSS.!
1456 2574 1489 2607 S.
1516 2574 1692 2617 Bermeja,
1718 2573 1802 2607 Pico

134 2619 251 2664 Jarro,
279 2620 394 2663 WK.).
420 2641 464 2645 —
493 2628 529 2660 21.
556 2621 643 2665 Apr.
670 2622 712 2665 (v.
739 2622 786 2665 v.)

180 2702 282 2735 3208.
332 2703 369 2735 S.
396 2703 673 2742 Bourgaeana
697 2702 782 2736 BSS.
815 2702 941 2736 REUT.
968 2702 1094 2745 Diagn.
1125 2702 1172 2745 pl.
1199 2702 1324 2736 orient.
1362 2713 1428 2735 ser.
1456 2702 1505 2745 lI,
1542 2713 1575 2734 n.
1603 2704 1639 2743 2,
1666 2713 1696 2745 p.
1726 2703 1807 2746 713,

92 2748 300 2790 »Perennis,
327 2748 418 2782 collo
444 2758 488 2782 ex
514 2748 634 2782 axillis
660 2749 823 2783 foliorum
848 2748 1056 2783 radicalium
1084 2749 1208 2782 crebre
1234 2749 1469 2791 gemmuloso.
1498 2748 1592 2782 foliis
1619 2748 1800 2783 hirto-vis-

91 2795 179 2830 cidis
197 2794 270 2828 fere
289 2795 450 2829 omnibus
470 2794 686 2829 radicalibus
705 2795 924 2838 longiuscule
944 2795 1134 2839 petiolatis,
1160 2795 1554 2839 cuiieato-spathulatis,
1581 2795 1627 2829 ad
1652 2795 1802 2829 mediam

54 2845 57 2847 ’
86 2853 118 2878 v.
144 2842 287 2876 tertiam
313 2848 452 2886 partem
479 2842 637 2886 trilobis,
665 2842 753 2877 lobis
780 2842 989 2886 aequalibus
1016 2842 1171 2885 obtusis,
1197 2842 1292 2876 foliis
1320 2841 1449 2875 infimis
1475 2852 1582 2886 saepe
1609 2842 1714 2877 etiam
1741 2842 1803 2876 tri-

88 2888 247 2932 partitis,
274 2888 528 2932 partitionibus
554 2889 703 2932 integris
728 2901 757 2924 v.
784 2888 922 2933 bifidis,
958 2889 1057 2923 caule
1092 2894 1213 2923 tenero
1240 2900 1261 2922 a
1285 2888 1363 2922 basi
1389 2887 1589 2922 dichotome
1614 2894 1650 2923 et
1674 2888 1802 2923 divari-

94 2935 379 2980 catim-ramoso,
418 2935 754 2978 glanduloso-liirto,
797 2936 889 2970 foliis
928 2935 1057 2970 caulin.
1098 2935 1142 2969 ad
1179 2935 1414 2969 dichotomias
1455 2935 1638 2970 inferiores
1674 2935 1803 2970 trifidis

94 2982 265 3027 superior.
299 2983 684 3027 oblongo-spathulatis
719 2983 888 3028 integris3
923 2982 1071 3017 floribus
1104 2982 1206 3025 longe
1240 2981 1481 3027 pedicellatis,
1519 2983 1649 3028 calycis
1682 2983 1803 3018 rubro-
