1976 3314
908 72 1002 116 119

99 195 351 239 pedicellorum
377 193 614 234 bracteolatis,
640 192 771 236 sepalis
798 192 1005 227 lanceolatis
1032 193 1168 227 obtusis
1194 198 1271 226 toro
1298 193 1651 237 subhemisphaerico
1676 194 1809 237 longio-

99 241 211 285 ribus,
252 239 379 284 petalis
411 238 737 282 obovato-oblongis
768 239 802 272 in
836 250 985 281 unguem
1020 239 1128 273 latum
1166 239 1360 273 attenuatis
1400 239 1647 283 triplineiwiis,
1686 241 1807 285 calyce

98 288 205 332 triplo
232 287 472 331 quadruplove
500 286 712 329 hmgioiibus
738 286 889 330 patulis,
921 285 1029 329 albis3
1062 285 1273 320 staminibus
1300 286 1421 330 sepala
1447 287 1714 331 superantibus,
1747 298 1807 322 an-

99 335 209 369 theris
246 333 432 378 ellipticis.
471 333 572 377 stylis
605 332 734 367 erectis
775 333 898 377 sep-ala
929 333 1179 376 aequantibus,
1219 333 1367 377 capsula
1399 332 1544 367 dimidio
1575 333 1808 379 brevioribus,

100 381 322 423 stigmatibus
340 380 519 424 capitatis,
544 380 692 423 capsula
710 379 930 423 subexserta,
950 379 1143 413 seminibus
1161 380 1330 424 ellipticis
1350 380 1594 415 tuberculatis.
1613 400 1658 404 —
1681 381 1808 415 Variat

98 438 308 472 magnopere
333 426 448 471 quoad
474 431 665 466 staturam,
699 426 990 460 ramificationem
1016 426 1145 470 caulis,
1178 426 1414 461 dimensiones
1446 427 1626 471 foliorum,
1660 427 1807 471 disposi-

98 475 228 510 tionem
253 473 390 514 florum,
416 473 693 516 magnitudinem
720 473 919 516 petalorum
946 478 981 507 et
1006 473 1202 507 indumenti
1227 478 1401 507 naturam.

192 532 232 565 111
248 531 373 577 pratis,
391 530 478 566 locis
496 530 719 574 graminosis,
739 530 928 574 pinguibus
947 530 1101 572 regionis
1119 536 1226 565 mont.
1246 536 1281 564 et
1298 530 1441 574 alpinae
1456 530 1650 575 Hispaniae
1666 531 1808 575 boreal.,

144 578 289 612 central.
316 583 351 612 et
376 578 558 612 orientalis
582 577 734 621 passim:
762 577 797 610 in
823 576 957 612 Gallec.
984 577 1143 622 (Montes
1169 577 1211 611 de
1238 576 1451 618 Piedrafita,
1479 578 1652 622 TEXID.),
1685 578 1806 614 Astur.

144 625 227 659 Pico
253 624 296 659 (le
318 625 443 668 Arvas,
468 625 595 667 DUR.),
622 623 786 658 Cantabr.
814 624 928 668 (Pena
955 623 1127 668 Gorveya,
1157 624 1271 668 WK.),
1299 625 1454 667 Aragon.
1481 625 1618 669 (Sierra
1644 624 1686 658 de
1704 625 1806 659 Mon—

143 683 247 716 cayo,
274 672 372 706 Pessa
397 671 439 705 de
465 671 583 714 Oroel,
611 670 711 714 WK.,
738 682 766 705 c.
794 671 999 714 Panticosa,
1028 671 1159 706 HERR.
1187 671 1242 713 R„
1268 671 1421 712 Sallent,
1448 672 1594 713 ALTH.,
1618 672 1737 706 Sierra
1762 671 1805 706 de

144 719 357 762 Villarroya,
383 719 506 752 Monte
532 718 574 752 (le
593 717 760 757 Herrera,
788 717 903 761 Ass),
929 718 1024 753 Cast.
1051 729 1138 752 nova
1164 718 1213 760 (in
1234 729 1319 760 agro
1337 717 1494 763 Madrit„
1520 730 1571 763 pr.
1591 718 1805 764 Miraflores,

144 765 317 805 Escorial,
344 765 480 807 COLM.,
507 765 610 807 Cur„
637 765 747 807 Len„
774 765 878 799 Scala
896 764 973 807 Dei,
1000 764 1145 808 Toledo,
1170 766 1352 808 POURR.),
1380 764 1589 800 Extremad.
1616 766 1648 809 (c
1678 766 1807 800 Naval-

147 812 269 850 moral.
298 812 502 856 Remum),
529 812 641 846 Catal.
668 811 823 856 (pyrea,
852 812 980 855 Cs'rA.,
1006 811 1220 857 villalonga,
1248 812 1385 855 ISERN,
1411 813 1502 856 Olot,
1530 813 1679 857 BOLoS,
1706 813 1807 847 Mon-

145 870 241 903 seny,
268 860 406 902 SALV.,
432 859 607 893 Montana
633 858 675 892 de
700 858 836 893 Prades
862 859 898 892 in
923 869 1021 903 prov.
1049 859 1261 903 Tarracon,
1289 859 1430 903 Ossa).
1456 879 1500 883 —-
1528 867 1563 899 21.
1590 859 1806 903 Majo-Jul.

146 907 188 950 (v.
216 906 258 945 v.)
288 905 403 940 »Uvas
428 905 471 939 de
496 912 613 947 gato«.

188 952 279 986 Hab.
306 954 340 987 in
366 952 513 996 Europa
537 952 610 986 fere
636 951 744 995 omni,
771 962 843 985 exc.
870 951 1017 995 Hispan.
1045 951 1212 996 australi,
1239 952 1397 996 Balear,
1423 952 1519 987 Sicil.
1546 957 1581 988 et
1606 952 1805 998 Lapponia.

188 1024 292 1056 3200.
343 1024 380 1056 S.
414 1023 685 1062 glauceseens
716 1021 802 1054 BSS.
836 1020 962 1054 REUT.
994 1021 1079 1063 Pug.
1115 1033 1146 1065 p.
1177 1024 1259 1056 131!
1304 1022 1353 1065 (S.
1388 1022 1578 1065 granulata
1601 1023 1687 1057 BSS.
1714 1022 1804 1067 Voy.

96 1069 166 1103 bot.
193 1081 226 1113 p.
254 1071 338 1102 233¹
374 1079 440 1102 non
466 1068 616 1102 L.-W1<.
650 1067 695 1111 pl.
722 1068 814 1111 hisp.
842 1078 912 1102 exs.
945 1068 1032 1103 1845
1058 1079 1091 1101 n.
1117 1070 1205 1102 512!
1245 1069 1401 1103 BOURG.
1428 1070 1475 1113 pl.
1504 1080 1576 1104 exs.
1605 1081 1636 1103 n.
1663 1070 1804 1112 22l3l).

96 1115 224 1150 Differt
242 1126 262 1149 a
280 1115 455 1160 praeced,
480 1115 581 1159 cujus
599 1116 751 1148 fortasse
772 1114 819 1147 nil
846 1115 913 1149 nisi
937 1115 1050 1148 forma
1076 1115 1256 1155 australis,
1282 1115 1395 1149 virore
1421 1116 1681 1160 glaucescente,
1706 1116 1806 1150 caule

99 1163 258 1197 subnudo
290 1163 370 1196 inde
402 1173 423 1196 a
456 1163 531 1196 basi
557 1174 586 1195 v.
612 1172 632 1195 a
659 1161 773 1195 medio
798 1162 919 1205 patule
946 1172 1101 1205 ramoso,
1139 1162 1345 1206 pedunculis
1377 1163 1615 1205 tenuioribus,
1648 1163 1808 1197 authoris

95 1209 327 1254 subglobosis,
353 1209 508 1253 capsulis
534 1219 640 1252 saepe
660 1208 811 1251 cernuis,
837 1208 938 1252 stylis
956 1209 1138 1252 capsulam
1157 1210 1392 1252 aequantibus
1419 1215 1454 1244 et
1479 1210 1671 1245 seminibus
1696 1211 1807 1243 minu-

95 1257 141 1290 tis
169 1257 225 1299 (iis
251 1256 283 1290 S.
311 1256 520 1299 granulatae
555 1256 633 1299 plus
666 1254 1046 1299 dimidio²minoribus)
1076 1257 1132 1290 vix
1164 1256 1407 1291 tuberculatis.
1437 1277 1475 1281 ——
1504 1257 1608 1291 Folia
1638 1257 1808 1291 basilaria

95 1303 245 1347 majora,
272 1303 414 1347 petiolis
440 1302 637 1346 latioribus,
664 1313 743 1336 cum
768 1302 879 1336 caulis
907 1308 1009 1346 parte
1035 1302 1203 1337 inferiore
1229 1304 1459 1347 pubescentia
1484 1304 1640 1347 longiore
1664 1310 1700 1338 et
1725 1303 1807 1338 den-

95 1349 187 1384 siore
213 1349 452 1384 arachnoidea
477 1350 631 1393 vestitis,
664 1347 926 1383 inflorescentia
950 1349 1083 1391 laxior,
1117 1351 1238 1395 petala
1263 1350 1377 1394 magis
1404 1361 1563 1386 nervosa.
1612 1350 1806 1386 Peduneuli

94 1397 303 1442 calycesque
328 1396 431 1431 valde
456 1396 919 1440 glandilleso—pubescentes
945 1396 1081 1431 viscosi.

235 1455 274 1495 β,
308 1454 467 1499 minor,
501 1455 602 1488 caule
628 1454 754 1497 gracili
780 1454 896 1488 3—9“
922 1454 943 1487 1.
970 1454 1063 1488 nudo
1090 1454 1191 1498 apice
1216 1454 1338 1498 patule
1364 1465 1521 1498 ramoso,
1548 1454 1640 1489 foliis
1666 1455 1808 1490 minori·

304 1502 370 1536 bus
395 1501 614 1536 tenuioribus
639 1501 781 1536 lnevius
806 1501 997 1545 petiolatis,
1024 1500 1169 1535 floribus
1189 1501 1328 1544 longius
1352 1501 1575 1545 pedicellatis
1601 1502 1805 1546 minoribus,

302 1548 434 1592 sepalis
469 1549 579 1583 ovatis
617 1548 830 1591 oblongisve.
880 1547 1052 1583 Panicula
1091 1548 1531 1592 subdivaricaw-ramosa,
1570 1548 1807 1593 pyramidato-

308 1595 528 1639 corymbos-a.
578 1595 626 1636 (S.
661 1595 857 1629 castellana
889 1595 974 1629 BSS.
1011 1595 1090 1629 hb.!
1141 1595 1174 1629 S.
1212 1596 1402 1638 granulata
1442 1606 1514 1629 var.
1551 1595 1585 1629 J.
1624 1595 1715 1629 GAY
1748 1607 1805 1641 ap.

309 1642 465 1676 BOURG.
491 1642 539 1686 pl.
567 1653 639 1676 exs.
666 1653 696 1675 n.
725 1642 862 1684 aocet).

187 1699 227 1731 In
252 1699 339 1734 locis
363 1699 537 1742 glareosis
563 1700 720 1733 arenosis
746 1698 978 1743 pinguibusve
1011 1699 1203 1743 umbrosis,
1237 1699 1281 1733 ad
1315 1711 1421 1744 rupes
1456 1699 1609 1743 regionis
1636 1706 1804 1744 montan.,

143 1746 315 1790 subalpin.
344 1752 379 1780 et
404 1747 511 1790 alpin.
540 1746 735 1790 Hispaniae
760 1747 927 1780 australis
954 1747 1103 1789 passim:
1139 1747 1174 1779 in
1201 1757 1307 1789 regno
1333 1746 1479 1781 Gran-at.
1507 1747 1551 1781 ad
1576 1747 1638 1781 alt.
1665 1749 1802 1781 3000—

141 1794 244 1826 7500‘
272 1793 406 1836 (Sierra
432 1793 617 1836 Bernieja,
643 1799 749 1828 mont.
778 1793 869 1826 inter
896 1792 1080 1837 Estepona
1106 1799 1140 1827 et
1167 1793 1345 1837 Igualeja,
1371 1794 1477 1828 Cerro
1503 1793 1545 1827 de
1571 1793 1604 1827 S.
1632 1794 1805 1828 Cristoval

141 1851 192 1882 pr.
214 1839 435 1881 Grazalema,
462 1841 576 1884 BSS.!,
603 1840 724 1873 Sierra
741 1839 898 1873 Nevada.
924 1840 956 1873 S.
978 1840 1019 1873 de
1038 1840 1240 1884 Yunquera,
1268 1840 1353 1873 Pico
1371 1840 1488 1884 Jarro,
1519 1840 1620 1884 WK.)
1658 1842 1802 1875 montib.

139 1886 291 1920 Mari-an.
327 1887 393 1930 (pr.
421 1887 703 1927 Valdehuertas,
735 1886 887 1930 LGE.!),
924 1886 1129 1921 Extremad.
1158 1888 1404 1932 (SCHOUSB.)3
1435 1908 1479 1912 »-
1515 1887 1553 1927 β.
1589 1887 1624 1921 111
1656 1888 1805 1922 collibus

139 1933 270 1975 region.
303 1938 411 1968 mont.
444 1934 623 1968 Castellae
654 1933 775 1968 Novae
809 1934 879 1977 (pr.
908 1933 1083 1968 Talavera
1119 1933 1162 1968 de
1198 1935 1232 1967 la
1262 1934 1403 1979 Reyna,
1443 1935 1618 1970 BOURG.!
1658 1935 1804 1977 Toledo‚

139 1979 312 2023 Escorial,
337 1980 436 2025 BSS.,
462 1980 636 2024 Remi).
663 2001 706 2005 ——
734 1988 769 2020 21.
797 1980 884 2024 Apr.
910 1980 1020 2024 Majo.
1049 1982 1090 2026 (v.
1117 1980 1166 2025 o.)
1194 1981 1310 2016 »Uvas
1337 1981 1380 2015 de
1405 1988 1522 2024 gato«.

186 2026 277 2061 Hab.
305 2038 442 2071 quoque
467 2027 503 2061 in
529 2027 711 2070 Algarbiis
741 2026 870 2071 (WK.).

187 2097 289 2130 3201.
339 2099 377 2129 S.
405 2099 668 2131 Cossoniana
700 2096 787 2130 BSS.
824 2096 950 2131 REUT.
977 2096 1106 2139 Diagn.
1138 2097 1186 2140 pl.
1213 2097 1336 2131 orient.
1363 2108 1431 2132 ser.
1459 2097 1512 2142 II,
1547 2109 1580 2132 n.
1607 2101 1647 2139 2,
1677 2110 1710 2143 p.
1738 2100 1802 2134 70!

93 2142 140 2181 (S.
166 2143 372 2186 paniculata
398 2143 486 2177 WK.
518 2144 566 2188 pl.
598 2143 691 2187 hisp.
719 2154 792 2177 exs.
821 2144 912 2178 1844
945 2155 977 2177 11.
1008 2145 1091 2177 1121
1125 2150 1160 2178 et
1186 2144 1261 2179 Bot.
1288 2144 1377 2179 Zeit.
1408 2146 1513 2186 1847,
1549 2157 1581 2189 p.
1608 2147 1698 2188 431,
1734 2157 1803 2180 non

92 2189 200 2233 CAV.,
226 2190 260 2225 S.
286 2191 474 2232 granulata
498 2201 568 2224 var.
594 2190 838 2225 famosissima
864 2190 975 2225 COSS.
1002 2201 1057 2233 ap.
1077 2191 1232 2227 BOURG.
1258 2192 1305 2235 pl,
1328 2201 1399 2226 exs.
1426 2203 1458 2225 11.
1488 2192 1616 2235 16681)
1657 2193 1801 2237 Caespi-

91 2241 186 2281 tosa,
220 2236 416 2272 rhizomate
441 2248 597 2280 gemmas
624 2242 745 2271 ovatas
771 2237 938 2272 bulbosas
964 2247 1170 2272 numerosas
1195 2238 1407 2282 petiolorum
1433 2239 1511 2273 basi
1534 2238 1683 2273 dilatata
1706 2240 1801 2274 invo-

91 2282 185 2318 lutas
203 2283 404 2327 edentibus3
433 2284 527 2318 foliis
546 2284 762 2319 basilaribus
781 2284 948 2319 confertis
973 2285 1076 2327 longe
1102 2285 1293 2329 petiolatis,
1319 2285 1449 2330 petiolo
1475 2286 1546 2320 late
1570 2286 1697 2321 lineari
1721 2297 1800 2320 cum

93 2330 245 2363 caulium
271 2336 373 2375 parte
398 2331 564 2365 inferiore
589 2330 1082 2374 arachnoideo-villosissimo,
1109 2332 1216 2366 limbo
1242 2343 1350 2376 parvo
1368 2333 1553 2367 carnosulo
1579 2333 1801 2377 pubescenti—

92 2376 261 2411 viscidulo
278 2377 640 2421 cordato-rotundato,
666 2377 711 2412 ad
728 2378 882 2411 medium
900 2388 1012 2421 usque
1029 2378 1171 2422 trilobo,
1196 2378 1288 2414 lobis
1313 2389 1420 2423 saepe
1446 2379 1660 2421 tricrenatis,
1685 2380 1800 2414 crenis

92 2423 176 2458 latis
202 2424 419 2468 rotundatis3
446 2425 606 2459 caulibus
632 2425 761 2460 erectis
788 2424 975 2466 ‘EQ—10¹¹
1002 2425 1024 2458 l.
1051 2425 1319 2460 subdicliotomc
1345 2432 1380 2460 et
1405 2436 1512 2470 saepe
1538 2437 1559 2461 a
1583 2427 1660 2461 basi
1686 2437 1799 2461 ramo-

95 2469 162 2512 sis,
197 2470 304 2505 ramis
330 2472 719 2516 arcuato-patentilms,
753 2477 855 2515 parte
882 2471 1067 2515 superiore
1093 2484 1170 2507 cuni
1195 2473 1403 2516 pedunculis
1427 2473 1678 2517 calycibusque
1703 2474 1800 2516 glan-

93 2516 429 2561 duloso-puberulis,
456 2518 513 2552 fol.
532 2519 680 2553 caulinis
704 2519 826 2563 paucis
845 2519 889 2552 ad
908 2518 1144 2554 dichotomias
1163 2519 1252 2563 sitis,
1277 2519 1408 2555 infimis
1433 2520 1583 2564 trilobis,
1610 2520 1800 2565 superiori-

91 2564 156 2598 bus
182 2564 518 2599 bracteaet'(›rmibus
550 2565 716 2608 integris:
750 2564 898 2600 floribus
931 2566 1034 2608 longe
1067 2566 1315 2610 pedunculatis
1347 2568 1425 2601 laxe
1451 2573 1486 2601 et
1512 2567 1801 2611 subcorymboso-

92 2611 304 2654 paniculatis
331 2611 474 2655 erectis,
504 2612 635 2656 sepalis
661 2612 1037 2655 oblongo-lanceolatis
1063 2613 1197 2648 obtusis
1223 2618 1299 2648 toro
1325 2614 1612 2659 hemisphaerico
1637 2614 1802 2657 longiori-

90 2657 178 2700 bus,
224 2658 354 2702 petalis
395 2659 516 2702 calyce
557 2658 756 2702 quadruplo
798 2659 1016 2701 longioribus
1058 2660 1383 2695 obovato-cuneatis
1424 2660 1656 2706 triplinerviis
1696 2660 1799 2703 albis,

94 2705 304 2739 staminibus
328 2705 501 2749 stylisque
528 2706 660 2739 corolla
685 2705 829 2740 dimidio
854 2707 1091 2751 brevioribus,
1122 2707 1283 2742 authoris
1308 2707 1420 2742 ovatis
1447 2707 1687 2750 acutiusculis,
1714 2708 1798 2750 stig-

93 2752 246 2786 matibus
261 2753 495 2796 complanatis
510 2751 680 2795 dilatatis,
699 2752 802 2795 stylis
821 2754 885 2787 sub
901 2754 1042 2788 anthesi
1059 2754 1199 2795 erectis,
1218 2755 1253 2788 in
1272 2754 1420 2799 capsula
1438 2760 1578 2788 matura
1596 2753 1801 2789 divaricato-

93 2798 348 2842 patentissimis
365 2799 467 2841 longe
486 2799 646 2835 exsertis,
672 2798 870 2843 pedunculo
889 2800 1073 2835 fructifero
1090 2806 1249 2836 nutante.
1276 2822 1303 2824 ff*
1338 2801 1437 2835 Inter
1455 2811 1573 2835 omues
1592 2800 1800 2844 Saxifragas

93 2844 288 2890 Hispaniae
313 2846 457 2880 corollis
483 2845 646 2880 maximis
671 2845 820 2888 gaudet!

186 2903 243 2937 Ad
267 2914 374 2947 rupes
395 2903 578 2938 calcareas
596 2904 782 2939 umbrosas
807 2905 963 2948 regionis
982 2909 1088 2939 mont.
1109 2909 1143 2939 et
1160 2905 1335 2950 subalpin.
1359 2905 1460 2949 regni
1477 2905 1657 2940 Valentini
1675 2905 1798 2949 (Cerro

142 2949 186 2984 de
213 2950 286 2986 Sta.
312 2950 430 2986 Maria
454 2951 491 2985 in
516 2950 637 2986 Sierra
660 2950 704 2985 de
729 2950 849 2993 Chiva,
875 2951 963 2986 WK.
988 2951 1120 2997 [1544]‚
1145 2951 1266 2987 Sierra
1291 2951 1334 2988 de
1358 2952 1393 2987 S.
1419 2952 1573 2989 Antonio
1597 2963 1650 2998 pr.
1674 2952 1799 2997 Alcoy,
