1976 3314
921 149 1016 193 764

117 278 204 314 sime
229 276 345 321 alatis,
367 275 473 320 juxta
498 272 626 319 stylum
652 275 752 317 septo
777 271 971 316 longiorem
997 269 1138 314 oblique
1163 268 1349 311 truncatis,
1373 268 1530 305 laevibus
1555 274 1619 306 aut
1635 269 1813 307 scabrido-

116 324 305 371 punctatis.
334 324 375 348 -ὲ
402 321 544 367 Species
571 330 675 365 quam
700 319 852 353 maxime
878 317 1123 364 polymorpha,
1150 326 1255 359 aegre
1281 315 1497 352 definienda!

266 406 300 428 α.
326 392 574 434 integrata
598 388 669 423 GR.
696 387 824 423 GODR.
850 387 872 421 l.
900 398 928 422 c.
944 415 952 430 ,
990 386 1106 427 elata,
1143 385 1239 420 soliis
1264 386 1479 422 basilaribus
1506 385 1812 429 subintegerrimis

323 443 383 473 aut
406 441 538 471 remote
563 435 790 479 obsoloteque
816 434 990 478 dentatis,
1016 432 1341 476 glabrescentibus,
1366 432 1653 478 pubescentibus,
1679 432 1813 468 villosis

325 485 376 529 (B.
402 483 583 527 longifolia
607 483 715 517 VILL.
742 481 883 525 Dauph.
910 480 963 514 III
981 508 988 521 ,
1027 491 1060 524 p.
1087 481 1154 513 305
1171 506 1178 520 ‚
1217 479 1257 514 Β.
1284 480 1445 515 saxatilis
1471 492 1506 515 α.
1534 479 1604 514 DC.
1630 479 1756 514 Prodr.
1781 479 1809 523 1,

325 543 359 576 p.
388 532 468 565 183!
510 531 549 565 B.
577 529 735 564 saxatilis
760 540 794 561 0.
821 527 948 562 elatior
971 527 1056 561 Bss.
1084 526 1172 571 Voy.
1196 538 1230 571 p.
1257 526 1323 561 56!
1350 536 1395 561 ex
1420 538 1465 571 p..
1489 526 1529 561 B.
1555 535 1815 571 megacarpaea

324 578 409 612 BSS.
448 577 518 611 RT.
555 587 612 621 ap.
648 576 734 610 BSS.
773 574 899 617 Diagn.
925 573 1051 608 orient.
1076 573 1100 608 1.
1125 584 1155 608 c.
1180 585 1214 618 p.
1239 574 1305 609 44!
1353 573 1394 608 B.
1421 573 1604 618 variegata
1628 573 1714 608 BSS.
1741 572 1812 607 ΒΤ.

323 625 347 661 l.
374 626 420 659 c.!
447 634 490 658 ex
514 635 559 668 p.‚
584 623 623 656 B.
649 621 827 656 variabilis
852 620 997 665 L01s.);

261 686 298 728 β.
325 682 514 717 dentata
539 680 609 715 GR.
627 679 757 714 GODR.
784 679 806 713 1.
826 689 867 724 c.,
895 678 989 713 elata
1013 690 1043 713 v.
1070 678 1224 721 humilis,
1250 677 1344 713 foliis
1371 676 1587 713 basilaribus
1612 687 1732 721 grosse
1750 681 1812 711 aut

326 727 632 764 sinuato—dentatis
659 738 686 760 v.
710 725 1012 769 inciso-crenatis,
1050 725 1354 769 glabrescentibus
1379 724 1653 770 pubescentibus
1679 723 1813 759 villosis

326 775 514 810 hirsutisve
539 773 592 817 (B.
618 773 795 816 laevigata
818 772 890 807 DC.
916 772 970 807 Fl.
997 772 1056 807 Fr.
1082 772 1144 814 IV,
1169 784 1203 817 p.
1221 773 1307 807 689!
1334 772 1373 806 B.
1399 771 1562 807 saxatilis
1587 771 1813 815 SCHLEICH„

328 822 451 856 RGHB.
477 821 524 854 Ic.
552 819 597 864 pl.
615 819 693 910 c)rit.
711 820 791 865 VII,
816 819 840 854 f.
857 821 946 856 840!
973 819 1012 854 B.
1039 819 1201 854 saxatilis
1228 831 1263 853 ιι.
1289 818 1416 854 elatior
1440 829 1482 853 ex
1505 830 1539 864 p.
1565 823 1601 854 et
1626 818 1666 858 β.
1691 817 1814 863 alpina

325 869 411 903 BSS.
435 867 523 912 Voy.
549 867 571 902 l.
596 877 623 900 c.
654 881 661 911 3

267 938 297 969 γ.
323 924 548 967 ambigua,
573 923 667 959 foliis
694 922 1005 959 sinuato-dentatis
1032 923 1087 967 (B.
1112 923 1288 967 laevigata
1314 936 1342 966 γ.
1361 922 1571 958 intermedia
1587 922 1658 957 GR.
1677 921 1810 959 GODR.

323 972 347 1007 l.
372 983 412 1017 c.,
438 971 477 1006 Β.
503 970 713 1005 intermedia
738 969 836 1005 GOU.
863 970 934 1016 Ill.)
968 975 1030 1005 aut
1065 970 1283 1015 pinnatifidis
1317 970 1374 1015 (B.
1400 970 1579 1014 laevigata
1603 969 1636 1003 ὁ.
1662 968 1815 1014 pinnati-

322 1018 394 1053 fida
419 1017 490 1052 GR.
517 1017 646 1052 GODR.
673 1017 695 1052 l.
714 1027 755 1061 c.,
781 1017 820 1053 B.
847 1016 1101 1063 coronopifolia
1126 1018 1222 1052 ALL.
1248 1016 1346 1063 Ped.,
1372 1017 1484 1052 VILL.
1509 1016 1653 1062 Dauph.
1678 1016 1702 1052 1.
1721 1026 1752 1050 c.
1778 1016 1816 1050 et

325 1065 397 1100 DC.
422 1065 513 1110 Syst.
539 1064 594 1110 11,
621 1073 662 1109 up.
688 1064 809 1109 414!),
848 1064 1112 1105 crassiusculis.
1152 1065 1308 1108 margine
1343 1064 1529 1107 revolutis,
1571 1073 1675 1098 nervo
1699 1061 1815 1097 medio

327 1122 465 1156 crasso,
491 1110 590 1157 albo,
627 1111 792 1156 utrinque
818 1110 1223 1157 setoso-hispidissimis,
1260 1111 1347 1147 setis
1371 1111 1556 1146 tuberculo
1581 1108 1816 1145 insidentibus

326 1159 381 1202 (B.
407 1158 572 1202 ambigua
596 1157 667 1192 DC.
695 1157 786 1203 Syst.
814 1157 856 1202 11,
882 1170 915 1203 p.
930 1159 1014 1193 415!
1041 1158 1166 1193 ROHB.
1191 1158 1240 1193 Ie.
1265 1158 1313 1203 pl.
1339 1158 1415 1194 crit.
1439 1157 1522 1203 VII,
1547 1157 1571 1191 f.
1597 1157 1677 1202 838,
1703 1156 1817 1200 8392).

328 1205 456 1241 Omnes
480 1205 548 1240 hae
573 1205 762 1240 varietates
787 1204 908 1240 formis
932 1205 1151 1240 intermediis
1176 1215 1351 1240 connexae
1376 1209 1466 1240 sunt.

211 1275 253 1310 In
277 1274 363 1310 locis
387 1275 612 1319 graminosis,
650 1275 804 1318 saxosis,
831 1275 1002 1318 glareosis
1027 1275 1236 1320 rupiumque
1261 1274 1398 1309 fissuris
1423 1274 1576 1318 regionis
1600 1273 1756 1308 inferior.
1782 1277 1818 1308 et

165 1319 318 1357 montan.
343 1332 408 1367 per
432 1332 569 1356 omnem
594 1321 712 1356 forsan
730 1321 951 1367 Hispaniam,
976 1334 1006 1357 v.
1025 1333 1053 1356 c.
1073 1334 1108 1356 a.
1133 1322 1168 1356 in
1194 1332 1302 1365 reguo
1321 1323 1466 1356 Granat.
1493 1322 1534 1365 (e.
1552 1320 1687 1364 Ronda,
1714 1319 1817 1363 Igna-

165 1369 246 1413 leja,
272 1379 314 1403 en
340 1368 372 1403 el
398 1368 562 1403 Desierto
588 1367 631 1402 de
657 1368 710 1403 las
736 1368 876 1413 Nieves,
903 1368 1010 1404 Cerro
1037 1367 1080 1403 de
1106 1368 1139 1404 S.
1165 1368 1347 1410 Cristoval,
1372 1368 1512 1412 BSS.!)‚
1538 1368 1650 1403 Murc.
1679 1367 1816 1412 (Sierra

167 1415 210 1450 de
235 1415 269 1450 la
294 1415 501 1451 Fuensanta
525 1421 561 1450 et
586 1415 682 1459 alibi,
708 1414 868 1460 GUIR.!),
895 1415 990 1451 Cast.
1008 1415 1108 1450 Nova
1133 1420 1198 1459 (pr.
1225 1416 1296 1450 San
1315 1415 1448 1450 Martin
1474 1414 1517 1449 de
1542 1413 1818 1458 Valdeiglesias,

167 1461 306 1506 CUT.!);
349 1482 391 1487 -—-
436 1464 474 1497 [3.
498 1462 535 1496 in
561 1461 672 1497 Catal.
698 1462 836 1507 (Monte
862 1462 1017 1505 Serrato,
1045 1462 1159 1507 WK.),
1186 1463 1340 1506 Aragon.
1367 1463 1408 1506 (c.
1435 1461 1663 1505 Castelseras,
1690 1460 1817 1496 Torre-

167 1509 261 1553 cilla,
288 1509 449 1554 LOSC.!),
475 1508 569 1544 Cast.
595 1519 683 1544 nova
708 1510 749 1553 (c.
776 1510 967 1554 Aranjuez,
992 1509 1143 1554 LGE.!),
1171 1519 1280 1553 regno
1306 1509 1417 1545 Murc.
1445 1508 1591 1553 (GUIR.‚
1617 1519 1670 1553 pr.
1697 1507 1818 1542 Carta-

166 1566 266 1601 gena,
291 1556 485 1601 ROSSM.!),
510 1555 655 1592 Granat.
675 1555 808 1600 (Sierra
826 1556 972 1601 Tejeda,
999 1556 1118 1591 Sierra
1135 1555 1282 1590 Nevada
1305 1556 1351 1591 ad
1369 1557 1540 1590 3—5000⁴
1567 1565 1690 1600 usque,
1713 1554 1816 1589 BSS.!

168 1602 269 1648 WK.,
292 1603 327 1638 in
352 1613 459 1647 regno
484 1602 709 1644 Granatensi,
734 1602 851 1648 WK.),
875 1603 1022 1647 Legion.
1048 1602 1106 1647 (ad
1133 1602 1353 1638 Villafranca
1378 1601 1435 1637 del
1459 1602 1600 1644 Vierzo.
1626 1600 1818 1644 Carueedo,

166 1649 294 1695 Leda),
317 1650 437 1685 Astur.
461 1649 605 1694 (Puerto
631 1649 673 1684 de
701 1649 936 1694 Leitariegos,
961 1649 1168 1695 BOURG.!);
1200 1669 1246 1673 -—
1279 1662 1314 1695 9³·
1341 1650 1376 1684 in
1394 1648 1542 1684 Cantab.
1569 1649 1706 1694 (Monte
1730 1647 1817 1683 Gor-

166 1707 275 1778 35331’2
284 1696 987 1788 Ὕέεὲὲἃὲῗὲῃῖῗὲίὲὲἓθἓῗῑὶῑέἱῗέεἰῖἕὲ
996 1708 1029 1788 ⁰2)
1044 1695 1815 1788 Tssffffi33³⁶}{31-Biffiiss'effgss'rsssshffii?

172 1809 214 1816 -—
243 1798 278 1830 ιι.
303 1789 539 1834 Majo—Aug.
565 1791 607 1834 (v.
633 1790 689 1832 v.).
741 1772 967 1835 »Anteojoss
1034 1772 1040 1789 ⁷
1582 1772 1590 1789 ’

218 1847 308 1882 Hah.
334 1847 468 1892 species
493 1847 528 1881 in
546 1846 673 1892 Lusit,
698 1847 802 1893 Gall„
828 1848 977 1893 Europa
1000 1847 1091 1883 med.
1117 1848 1161 1884 ab
1179 1847 1279 1883 Helv.
1305 1847 1349 1883 ad
1368 1847 1672 1883 Transsilvaniam
1698 1856 1820 1893 usque,

111 1945 113 1947 ι
171 1894 263 1939 Ital„
287 1894 415 1938 Dalm„
438 1893 590 1929 Croatia.

218 1951 313 1987 Obs.
361 1951 432 1986 Vix
469 1951 698 1987 dubitandum
734 1957 806 1997 est,
842 1953 926 1997 quin
961 1953 1050 1988 haec
1087 1953 1223 1997 species
1260 1952 1496 1998 polymorpha
1532 1963 1610 1988 cum
1637 1952 1822 1998 speciebus

173 1997 461 2034 antecedentibus
496 1998 549 2042 (B.
576 1998 844 2034 suffrutescente
881 2004 916 2034 et
946 2000 986 2034 B.
1012 1999 1161 2034 rosulari
1188 1999 1361 2044 exceptis)
1386 2003 1422 2035 et
1445 2000 1673 2044 sequentibus
1699 1999 1822 2036 formis

173 2044 391 2080 intermediis
417 2055 573 2080 connexa
598 2045 644 2080 sit
667 2045 815 2090 ideoque
839 2046 976 2091 species
1000 2046 1084 2080 illae
1110 2046 1154 2082 ad
1178 2046 1220 2081 B.
1245 2046 1456 2090 laevigatam
1481 2051 1520 2082 ut
1544 2047 1735 2083 varietates
1760 2046 1823 2080 du-

172 2091 304 2127 cendae
330 2092 410 2127 sint.
443 2092 577 2136 Figura
602 2091 774 2137 foliorum,
801 2093 1004 2136 magnitudo
1030 2093 1247 2128 silicularum
1272 2103 1463 2137 earumque
1488 2093 1673 2137 glabrities
1698 2106 1729 2129 v.
1747 2103 1822 2129 sca-

172 2138 296 2174 brities
322 2139 547 2174 characteres
573 2144 655 2174 sunt
680 2139 811 2175 nullius
834 2140 1002 2175 momenti
1027 2139 1071 2175 ad
1101 2139 1366 2184 distinguendas
1392 2140 1666 2176 Biscutellarum
1698 2150 1822 2186 peren·

173 2185 268 2220 nium
292 2185 440 2230 species.
488 2186 657 2221 Attamen
693 2186 827 2221 formae
862 2187 1001 2231 typicae
1038 2187 1165 2221 harum
1203 2187 1253 2222 sic
1292 2187 1463 2222 dictarum
1502 2187 1701 2232 specierum
1733 2188 1824 2223 sicut

175 2232 281 2267 etiam
304 2232 513 2267 varietatum
540 2232 579 2267 B.
604 2232 802 2276 laevigatae
836 2233 957 2268 habitu
989 2233 1163 2278 peculiari
1198 2239 1234 2269 et
1257 2234 1459 2269 indumento
1484 2234 1648 2269 foliorum
1673 2239 1746 2269 tam
1771 2233 1823 2268 in-

175 2279 324 2322 signitae
350 2284 445 2322 sunt,
483 2284 521 2313 ut
545 2278 649 2314 facile
674 2278 843 2323 distingui
868 2281 1016 2325 possint.
1065 2280 1298 2323 Quamobrem
1325 2291 1385 2317 eas
1409 2286 1449 2316 ut
1474 2282 1609 2326 species
1635 2281 1822 2317 distinctas

174 2335 378 2360 enumerare
403 2331 439 2360 et
462 2325 643 2361 decribere
668 2326 785 2371 aptius
810 2326 914 2369 duxi,
945 2338 1049 2372 quam
1075 2337 1135 2362 eas
1161 2338 1280 2363 omnes
1305 2328 1341 2362 in
1365 2339 1470 2363 unam
1495 2328 1652 2373 speciem
1678 2328 1820 2372 conjun-

175 2382 269 2416 gere.
318 2371 441 2414 Quoad
465 2373 634 2407 stationes
658 2374 867 2408 varietatum
892 2374 932 2408 B.
957 2374 1152 2417 laevigatae
1186 2385 1251 2409 non
1277 2374 1346 2410 nisi
1370 2375 1472 2418 illas,
1513 2385 1532 2410 e
1558 2375 1683 2420 quibus
1709 2374 1822 2420 speci·

176 2419 271 2453 mina
294 2424 376 2454 ante
402 2418 521 2454 oculos
546 2419 666 2464 habui,
690 2419 852 2455 indicavi.

223 2512 329 2545 4610.
377 2513 422 2545 B.
459 2513 727 2553 stenophylla
761 2511 859 2546 DUF.
892 2511 984 2546 Anu.
1019 2510 1148 2546 Genev.
1182 2511 1274 2558 VII,
1317 2524 1351 2557 p.
1377 2513 1473 2548 299?
1520 2512 1591 2548 DC.
1634 2512 1759 2547 Prodr.
1797 2511 1825 2557 I,

131 2569 166 2602 p.
186 2558 269 2592 183!
317 2556 584 2602 Suffrutescens,
609 2558 844 2603 glaucescens,
870 2557 997 2602 rigida,
1021 2558 1182 2594 caulibus
1207 2558 1395 2602 gracilibus
1421 2559 1553 2603 glabris
1579 2558 1822 2595 adscendenti-

132 2605 196 2639 bus
222 2603 356 2639 striatis
381 2604 570 2650 subnudis,
595 2605 730 2639 6-10”
756 2604 797 2647 1.,
833 2604 1048 2649 simplicibus
1073 2611 1134 2640 aut
1160 2605 1261 2650 apice
1286 2606 1452 2651 ramosis;
1495 2606 1588 2642 foliis
1612 2606 1825 2641 basilaribus

131 2649 425 2695 inferioribusque
449 2652 659 2697 caespitosis
691 2651 852 2695 angustis
887 2651 1079 2687 linearibus
1115 2657 1247 2687 remote
1280 2653 1592 2689 sinuato-dentatis
1615 2665 1646 2688 v.
1671 2652 1823 2698 pinnati-

134 2695 214 2732 fidis
230 2726 238 2742 ,
262 2697 410 2733 caulinis
433 2698 556 2743 paucis
580 2698 774 2734 minoribus
798 2698 1014 2743 linearibus,
1054 2699 1214 2735 omnibus
1239 2698 1338 2734 valde
1363 2700 1555 2746 revolutis,
1581 2703 1680 2735 costa
1704 2709 1826 2735 crassa

134 2742 216 2779 alba
241 2743 433 2789 instructis,
458 2745 611 2790 undique
637 2745 1041 2791 setoso—hispidissimis3
1083 2744 1228 2781 floribus
1252 2746 1380 2792 parvis,
1405 2747 1440 2782 in
1466 2746 1670 2792 corymbum
1694 2745 1826 2791 simpli-

134 2798 209 2822 cem
221 2801 262 2842 ·v.
288 2791 517 2837 compositum
543 2792 735 2838 congestis,
773 2793 923 2828 racemis
960 2792 1153 2828 fructiferis
1178 2793 1286 2838 laxis,
1322 2793 1507 2839 pedicellis
1543 2791 1675 2838 patulis
1712 2793 1828 2828 fructu

136 2834 370 2888 longioribus3
397 2838 558 2874 siliculae
583 2839 709 2875 loculis
734 2838 1109 2885 obovato-rotundatis,
1134 2840 1189 2873 2¹¹¹
1215 2839 1319 2877 diam.
1343 2840 1419 2884 lat.‚
1443 2839 1691 2884 angustissime
1717 2839 1828 2875 alato-

136 2883 359 2934 margmatis,
389 2884 546 2921 laevibus
570 2898 600 2921 v.
625 2885 722 2922 disco
747 2885 1118 2932 scabrido-punetatis.
1146 2906 1187 2912 -
1213 2886 1386 2923 Rhizoma
1408 2886 1512 2930 longe
1536 2895 1681 2932 repens,
1715 2886 1825 2931 ligno-

137 2937 223 2973 sum,
248 2938 283 2962 1n
306 2939 421 2966 ramos
445 2933 581 2968 rosulas
606 2933 746 2969 steriles
770 2933 960 2978 caulesque
984 2932 1114 2968 multos
1138 2933 1365 2970 fasciculatos
1391 2933 1536 2968 edentes
1560 2932 1719 2969 divisum.

201 3030 208 3037 ⁸
230 2983 271 3036 ln
294 2985 463 3027 glareosis
488 2989 657 3026 caleareis
681 2990 790 3027 aridis
814 2992 1024 3037 rupiumque
1048 2990 1186 3027 fissuris
1211 2991 1366 3035 regionis
1390 2996 1545 3026 montan.
1568 2990 1668 3034 regni
1695 2989 1824 3027 Valen-

182 3034 247 3066 t1n1
273 3030 405 3078 (ΒΗΚ,
429 3033 549 3071 Sierra
572 3036 615 3071 de
640 3036 748 3073 Chiva
763 3066 771 3081 ,
797 3037 907 3084 WK.,
950 3037 1070 3073 Sierra
1095 3037 1137 3073 de
1163 3038 1318 3074 Mariola
1341 3048 1394 3084 pr.
1422 3037 1560 3083 Alcoy,
1585 3036 1773 3072 HEGELM.
1789 3037 1827 3083 !),
