1976 3314
943 127 1039 173 250

239 249 342 284 3505.
392 252 430 284 S.
457 252 620 284 sulcata
654 249 694 283 L.
730 249 814 284 cod.
851 261 882 283 n.
919 251 1028 284 5484!
1078 249 1148 283 Dc.
1174 241 1297 284 Prodr'.
1322 250 1377 293 11,
1404 262 1436 293 p.
1463 251 1549 284 308!
1598 250 1727 284 1301ss.
1753 250 1842 295 voy.

145 296 215 332 bot.
243 309 276 341 p.
306 297 385 332 183!
435 297 528 332 CUT.
553 296 609 331 Fl.
634 296 778 331 Madrit.
813 308 848 340 p.
874 296 961 330 268!
1011 296 1209 331 SCHKUHR
1234 296 1256 330 l.
1281 308 1310 331 c.
1337 302 1361 331 t.
1388 298 1492 333 2802».
1541 296 1671 331 Differt
1695 307 1717 331 a
1741 296 1844 341 prae-

146 342 304 386 cedente,
329 343 385 378 cui
410 343 600 387 simillima,
626 342 789 378 dentibus
808 342 978 387 calycinis
995 344 1079 377 tubo
1097 343 1317 378 brevioribus
1344 348 1378 378 et
1402 343 1634 378 lomentorum
1661 343 1768 378 costis
1785 353 1843 378 ex-

146 390 335 425 terioribus
361 402 428 425 non
453 390 521 425 nisi
545 393 567 424 4
593 390 734 425 aculeos
759 389 901 424 dissitos
927 390 1054 433 (neque
1072 390 1262 433 confertos)
1289 390 1540 426 subuncinatos
1558 390 1763 435 ferentibus,
1789 401 1844 425 ce-

146 437 232 473 teris
257 437 427 473 laevibus.
476 437 670 472 Pedunculi
696 436 903 481 saepissime
930 435 1068 471 triflori.

240 498 280 531 In
305 496 397 531 arvis
422 496 580 530 arenosis
605 495 846 539 calcareisque
872 494 1025 537 regionis
1051 494 1228 530 inferioris
1247 494 1443 539 Hispaniae
1460 495 1651 533 orientalis,
1677 495 1845 530 centralis

193 550 229 580 et
253 542 617 579 austro-occidentalis
637 542 786 587 passim:
814 542 849 575 in
867 541 979 576 Catal.
1005 541 1231 585 (Montjuich,
1259 541 1403 586 SALV.),
1430 542 1463 576 S.
1481 542 1556 587 Boy
1581 542 1623 576 de
1640 541 1844 585 Llobregat,

193 591 343 634 COLM.),
368 590 522 633 Aragon.
548 589 683 634 (Epila,
711 590 916 631 Saragossa,
942 589 1030 622 ASS.
1059 588 1185 632 an),
1213 588 1305 623 Cast.
1334 599 1420 623 nova
1447 588 1494 629 (in
1519 599 1604 632 agro
1621 589 1845 631 Madritensi,

193 651 223 673 v,
249 650 278 673 c.
304 637 348 672 ad
374 637 481 672 Cerro
506 647 624 679 negro,
652 636 787 679 COLM.,
814 635 934 679 CUT.),
960 646 1068 677 regno
1096 635 1235 670 Valent.
1262 635 1312 672 (in
1338 646 1422 678 agro
1441 635 1633 677 Saguntino
1651 636 1765 670 CAV.!
1793 647 1844 679 pr.

194 685 314 725 Cbiva,
341 683 458 726 WK.),
484 683 630 718 Granat.
661 682 826 727 (undique
853 682 980 716 abund.
1007 682 1147 723 BOISS.,
1173 694 1224 726 pr.
1243 682 1398 726 Malaga,
1424 681 1515 717 FK!
1542 681 1706 717 ROSSM.!
1736 682 1844 718 WIL:

194 732 314 766 Sit-rra
332 731 374 765 de
393 730 526 774 Elvira,
544 730 643 764 LGE.
657 730 689 774 2),
715 729 831 764 Jienn.
852 730 917 774 (pr.
936 729 1060 763 Bailen
1077 729 1203 774 LGE.)⁷
1222 728 1368 764 Granat.
1388 730 1452 773 (pr.
1472 728 1649 774 Granada,
1675 729 1845 773 CAMPO).

194 780 293 814 Baet.
320 778 389 822 (La
413 777 580 822 Albayda
604 788 656 822 pr.
682 776 850 821 Cordova,
875 775 1000 821 LGE.),
1026 775 1197 811 Gribralt.
1225 775 1348 821 (KEL.,
1376 776 1578 820 WINKL.!).
1605 796 1648 801 ——
1678 780 1731 818 Ε).
1757 777 1846 821 Apr.

196 825 324 859 -Jun.
351 826 393 868 (v.
417 825 473 867 v.).

240 884 331 919 Hab.
357 893 494 928 quoque
519 883 554 916 in
579 882 706 924 Lusit„
734 882 798 917 ins.
817 882 968 927 Balea1·.,
994 881 1155 927 Graecia,
1182 882 1322 927 Abyss„
1350 881 1472 916 Africa
1495 882 1580 926 bor„
1607 881 1745 922 Cana1·.,
1770 881 1846 914 Ma-

194 932 289 966 dora.

241 991 344 1025 3506.
393 991 432 1022 S.
457 990 665 1022 muricata
697 987 738 1022 L.
765 986 849 1021 Cod.
875 999 907 1022 n.
935 988 1043 1022 5483!
1093 987 1164 1022 DC.
1191 988 1215 1022 l.
1241 998 1269 1021 c.
1319 985 1441 1028 Quoad
1466 985 1648 1029 habitum,
1686 985 1848 1020 foliorum

147 1039 297 1083 figuram
323 1048 366 1072 ex
390 1036 495 1071 flores
519 1034 620 1070 valde
647 1034 772 1070 similis
798 1035 1103 1079 praecedentibus,
1130 1045 1151 1068 a
1177 1034 1302 1078 quibus
1328 1034 1364 1068 in
1390 1038 1485 1068 statu
1509 1032 1695 1068 fructifero
1718 1033 1849 1067 lomen-

146 1091 262 1121 torum
288 1084 395 1120 costis
421 1082 577 1118 externis
603 1082 735 1116 minute
760 1082 993 1117 tuberculatis
1019 1092 1131 1126 neque
1157 1081 1329 1117 aculeatis
1355 1081 1475 1115 statim
1501 1079 1728 1123 dignoscitur.
1779 1079 1849 1113 Tu-

148 1132 284 1169 berculi
307 1131 442 1166 minimi
469 1129 662 1165 subobtusi.
713 1129 846 1165 Dentes
872 1129 1021 1174 calycini
1048 1130 1169 1164 tubum
1197 1129 1468 1172 subaequantes.

295 1194 331 1235 β.
357 1190 595 1232 laevigata
625 1189 755 1223 BOISS.
781 1188 869 1233 Voy.
896 1189 967 1223 bot.
993 1200 1027 1232 p.
1056 1189 1139 1223 182!
1189 1187 1443 1222 Lomentorum
1469 1191 1588 1221 costae
1613 1195 1734 1221 omnes
1757 1185 1849 1219 iner—

355 1247 448 1328 ἷιιθοε)
465 1236 686 1272 laevissimae
718 1236 764 1280 (S.
791 1235 968 1279 laevigata
993 1236 1126 1272 SIBTH.
1154 1240 1189 1271 et
1214 1234 1279 1269 SM.
1305 1235 1358 1269 Fl.
1386 1244 1504 1277 graec.
1530 1239 1554 1268 t.
1582 1233 1668 1267 718!
1718 1232 1849 1268 BOISS.

241 1344 284 1378 In
308 1342 411 1378 cultis
435 1342 588 1386 regionis
614 1341 768 1376 inferior.
795 1341 1024 1376 Catalauniae
1052 1341 1100 1383 (in
1125 1351 1210 1384 agro
1229 1339 1415 1374 Barcinon.
1443 1349 1511 1374 sec.
1529 1338 1653 1373 COLM.
1673 1337 1734 1373 sed
1760 1349 1780 1372 a
1797 1348 1851 1371 re-

195 1391 408 1427 centioribus
433 1401 501 1424 non
525 1389 736 1433 observata),
763 1388 861 1431 regni
886 1388 1025 1423 Valent.
1052 1388 1101 1431 (in
1127 1388 1305 1422 montibus
1331 1387 1457 1429 Segart
1471 1392 1505 1421 et
1519 1386 1698 1430 Narquera,
1725 1385 1847 1427 CAV.),

194 1438 307 1472 Murc.
334 1436 473 1482 (AMO);
490 1456 535 1461 ——
555 1440 591 1477 μ’.
617 1435 654 1470 in
672 1447 756 1478 agro
774 1435 993 1471 Malacitano
1010 1445 1133 1470 versus
1150 1433 1230 1469 fluv.
1250 1434 1498 1469 Guadalhorce
1517 1434 1672 1478 (PROL.!
1693 1432 1848 1476 BOISS.).

200 1506 235 1510 -—
269 1488 322 1527 O.
348 1486 449 1529 Apr.,
473 1483 572 1527 Majo
597 1483 639 1526 (v.
667 1483 720 1527 s.).

241 1542 333 1577 Hab.
358 1541 490 1586 passim
516 1541 552 1574 in
576 1551 664 1574 zona
689 1540 960 1574 mediterranea.
1141 1562 1144 1563 γ

243 1612 346 1647 3507.
396 1613 434 1645 S.
460 1612 740 1644 vermiculata
762 1609 803 1644 L.
831 1609 912 1644 Cod.
940 1621 972 1644 n.
1000 1610 1106 1645 5482!
1155 1609 1226 1643 DC.
1252 1609 1275 1643 i.
1302 1620 1330 1643 c.
1375 1608 1446 1643 GR.
1473 1607 1602 1643 GODR.
1629 1607 1651 1641 l.
1669 1618 1698 1642 c.
1716 1608 1850 1652 p.493!

149 1659 347 1694 SCHKUHR
387 1657 527 1693 Handb.
564 1662 588 1692 t.
615 1658 719 1691 208³.
768 1657 816 1692 Ic.
843 1656 999 1691 GKRTN.
1037 1656 1080 1690 de
1113 1656 1215 1690 fruct.
1250 1666 1334 1690 sem.
1370 1655 1422 1700 II7
1456 1661 1480 1690 t.
1512 1656 1585 1688 155.
1635 1653 1849 1689 Pedunculis

150 1706 320 1749 unifloris,
347 1706 410 1740 sub
437 1704 579 1740 anthesi
603 1703 685 1751 folio
713 1704 946 1745 brevioribus,
973 1703 1164 1738 fructiferis
1188 1702 1290 1738 valde
1316 1702 1507 1746 elongatis,
1532 1701 1704 1747 pedicello
1730 1701 1851 1736 tubum

150 1753 346 1798 calycinum
372 1757 573 1796 superante,
600 1750 762 1786 dentibus
788 1751 956 1796 calycinis
983 1761 1060 1785 eum
1088 1750 1342 1794 aequantibus:
1376 1749 1530 1784 lomento
1557 1748 1751 1783 circinnato
1775 1758 1849 1782 ver-

149 1799 373 1835 miculiformi
398 1809 519 1833 crasso
545 1797 675 1842 albido,
700 1798 794 1833 inter
818 1797 964 1833 articulo
990 1797 1115 1832 leviter
1140 1797 1341 1839 constricto,
1367 1797 1475 1831 costis
1501 1796 1661 1831 omnibus
1687 1796 1851 1830 tubercu-

149 1848 202 1882 los
225 1848 348 1881 breves
375 1856 514 1881 crassos
538 1845 638 1889 apice
663 1844 764 1879 valde
791 1844 957 1879 dilatatos
984 1844 1202 1888 pileiformes
1238 1843 1415 1878 confertos
1450 1843 1669 1887 gerentibus3
1711 1841 1850 1877 semini-

149 1895 215 1929 bus
240 1892 665 1935 oblongo-reniformibus,
692 1891 811 1933 fuscis,
839 1891 883 1925 ad
909 1891 1021 1925 hilum
1048 1891 1313 1934 nigricantibus.
1363 1890 1515 1934 Reliqua
1540 1895 1578 1924 ut
1604 1890 1640 1923 in
1667 1889 1851 1934 speciebus

152 1939 458 1987 praecedentibus.
508 1939 599 1974 Tota
624 1938 750 1983 planta
775 1939 894 1983 patule
920 1938 1025 1972 hirta.

243 1997 285 2031 In
310 1997 403 2032 arvis
428 1996 532 2031 cultis
557 1996 746 2030 incultisve
771 1996 925 2038 regionis
951 1995 1104 2029 inferior.
1131 1994 1328 2037 Hispaniae
1365 1994 1533 2030 australis
1566 1993 1652 2028 satis
1689 1993 1852 2036 frequens

202 2044 252 2087 (in
276 2054 362 2087 agro
387 2043 561 2085 Malacit.,
585 2043 727 2087 BOISS„
754 2042 856 2085 WK„
880 2054 933 2087 pr.
952 2042 1174 2087 Car-ratraca,
1201 2041 1336 2086 ΗᾸΝΒ.7
1364 2041 1531 2085 Cordova,
1558 2040 1672 2075 LGE.!
1700 2040 1851 2074 Gibralt.

198 2091 325 2134 KEL.).
354 2111 391 2116 —
424 2094 477 2132 O.
502 2090 609 2125 Mart.
636 2090 721 2134 Apr.
748 2090 791 2134 (v.
816 2090 871 2134 v.).
924 2089 1092 2132 »Longna
1116 2088 1158 2123 de
1184 2089 1314 2133 oveJ'a.«

244 2148 336 2183 Hab.
361 2148 397 2182 in
422 2158 528 2191 regno
555 2147 700 2190 Algarb.
727 2147 950 2191 (BOUR(}.!),
987 2146 1078 2182 Gall.
1106 2152 1238 2191 austr.⁷
1264 2147 1378 2190 Cors.,
1417 2145 1536 2189 Sard,
1576 2146 1677 2185 Ital„
1717 2143 1854 2187 Graec,

202 2194 344 2237 Tauria,
372 2194 496 2229 Africa
522 2194 669 2229 boreali.

271 2288 547 2329 DCCLXXXI.
611 2286 905 2327 CORONILLA
944 2287 986 2327 L.
1036 2286 1133 2327 Gen.
1182 2285 1232 2338 pl.
1271 2297 1308 2324 n.
1341 2283 1437 2325 883.
1499 2284 1624 2337 Calyx
1675 2284 1853 2324 breviter

155 2346 480 2399 campanulatus,
512 2345 697 2385 dentibus
721 2344 1044 2397 subaequalibuS,
1077 2343 1350 2396 superioribus
1385 2342 1408 2382 2
1442 2342 1520 2382 alte
1544 2342 1738 2381 connatis.
1781 2341 1851 2381 Pe-

153 2404 230 2444 tala
265 2409 306 2444 et
338 2405 505 2444 stamina
537 2408 581 2443 ut
612 2404 649 2443 in
683 2413 833 2455 genere
865 2401 1150 2455 praecedente.
1206 2402 1441 2441 Lomentum
1474 2399 1851 2450 multiarticulatum,
1890 2404 1894 2405 ’

155 2467 309 2503 rectum
342 2475 377 2503 v.
410 2466 630 2511 arcuatum,
665 2461 842 2500 articulis
877 2461 1060 2513 oblongis
1095 2474 1130 2499 v.
1162 2460 1382 2499 linearibus
1414 2458 1611 2498 teretibus
1636 2462 1701 2497 aut
1725 2470 1851 2510 angu-

155 2519 258 2560 latis.
320 2520 480 2560 Semina
511 2524 746 2559 transverse
779 2518 965 2571 oblonga.
1001 2542 1052 2548 ——
1087 2518 1258 2569 Herbae,
1291 2516 1523 2557 suffrutices
1556 2520 1622 2555 aut
1644 2515 1850 2565 fructices,

154 2577 261 2618 foliis
294 2577 645 2630 impari-pinnatis,
677 2575 825 2615 foliolis
859 2577 1134 2629 integerrimis
1169 2580 1235 2616 aut
1259 2575 1534 2628 emarginatis,
1569 2573 1724 2625 stipulis
1748 2585 1852 2612 nunc

155 2636 288 2687 parvis
322 2635 661 2684 membranaceis,
692 2646 798 2674 nunc
830 2634 971 2685 amplis
1004 2633 1197 2673 foliaceis.
1239 2633 1380 2672 Flores
1414 2633 1451 2671 in
1486 2630 1721 2683 pedunculis
1755 2630 1851 2670 axil-

155 2693 305 2733 laribus
337 2693 555 2744 umbellati,
587 2691 761 2744 penduli,
792 2691 968 2731 bracteis
1001 2692 1135 2743 parvis
1169 2690 1332 2742 suffulti,
1364 2690 1507 2742 petalis
1531 2689 1770 2740 saepissime
1793 2687 1851 2727 lu-

157 2752 232 2791 teis
265 2756 330 2791 aut
360 2751 486 2791 flavis.

206 2818 295 2853 Sect.
322 2819 353 2852 I.
402 2818 482 2852 Em
496 2828 599 2852 erus
624 2816 749 2850 DESV.
773 2815 895 2850 Journ.
921 2816 991 2850 bot.
1018 2816 1084 2856 ΙΙΙ,
1108 2828 1142 2860 p.
1164 2818 1239 2859 121,
1264 2821 1289 2851 t.
1308 2817 1339 2860 4,
1365 2816 1387 2850 f.
1406 2816 1439 2849 9.
1490 2813 1631 2857 Ungues
1655 2812 1853 2857 petalorum

363 2864 484 2946 ξῗὲὲἓθ
509 2863 828 2945 ῐέἐῖξΐίῦέἒυςίοτθε.
861 2862 1072 2897 Lomentum
1096 2862 1362 2898 teretiusculum
1389 2861 1547 2896 articulis
1564 2870 1670 2903 aegre
1689 2859 1853 2894 seceden-

251 2981 352 3014 3508.
403 2982 444 3014 C.
470 2983 648 3015 Emer-us
673 2979 714 3014 L.
742 2978 824 3014 Cod.
850 2989 881 3012 n.
911 2978 1020 3012 5463!
1071 2977 1167 3011 CAV.
1193 2978 1304 3022 prael.
1331 2988 1362 3010 n.
1392 2976 1496 3010 1126!
1545 2973 1804 3009 GR.GODR.1.
1823 2985 1850 3008 c.

160 3039 182 3074 p
221 3027 306 3061 493!
357 3025 502 3061 GUIMP.
521 3027 645 3070 Holzg.
664 3027 789 3063 t.134!
825 3024 987 3070 (Emerus
1004 3022 1408 3069 CaesalpiniTOURN.).
1459 3021 1693 3066 Glaberrima,
1718 3020 1852 3056 truncis
