1976 3314
873 149 967 193 411

278 269 372 306 foliis
397 266 545 302 caulinis
572 267 798 305 inferioribus
816 273 878 304 aut
895 268 1018 304 mediis
1034 268 1347 314 impari-pinnatis,
1374 268 1505 304 foliolis
1523 269 1579 302 5—
1594 270 1614 303 7
1640 271 1773 313 magni-

275 314 681 406 tudilz<35351aequalibus,
707 316 770 352 sed
796 327 935 361 semper
959 315 1075 361 planis
1109 315 1161 360 (Ο.
1185 315 1453 361 inaequalifolia
1476 316 1546 351 Dc.
1573 316 1696 352 Prodr.
1724 318 1771 360 ΙΙ,

162 421 246 456 Var.
273 375 310 463 Ξ.
337 420 458 456 formis
484 420 705 457 intermediis
730 421 766 455 in
790 431 861 456 var.
887 433 921 454 a.
941 425 976 454 et
995 420 1034 462 β.
1061 420 1190 456 transit
1214 425 1250 456 et
1275 419 1381 456 simul
1406 420 1594 455 transitum
1618 419 1704 455 facit
1728 420 1771 454 ad

67 468 106 503 O.
132 467 303 503 foliosam.
353 467 489 502 Habitu
517 468 623 503 etiam
652 468 690 503 O.
718 467 981 503 ramosissimae
1008 467 1133 504 similis
1159 471 1231 513 est,
1266 477 1356 512 quae
1388 466 1483 504 foliis
1515 466 1703 513 diaphanis
1729 469 1772 502 ab

66 525 108 550 ea
131 514 237 550 facile
261 514 500 557 distinguitur.

163 573 204 606 In
230 572 304 608 solo
330 582 490 616 arenoso,
514 573 637 618 pingui
670 572 765 617 culto
790 577 826 608 et
854 572 987 608 inculto
1005 572 1158 616 regionis
1176 571 1331 608 inferior.
1350 578 1385 608 et
1402 577 1556 608 montan.
1574 571 1771 617 Hispaniae

117 619 292 663 oriental,
317 620 464 655 central.
492 626 527 655 et
551 619 799 655 meridionale:
827 632 863 655 cr.
888 630 952 665 per
975 629 1112 654 omnem
1133 630 1252 655 aream
1269 619 1460 663 divulgata,
1485 619 1773 664 frequentissima

118 667 154 700 in
179 668 336 702 arenosis
362 667 579 702 littoralibus
606 672 712 711 atque
737 667 781 702 ad
805 667 903 712 ripas
929 677 1099 702 arenosas
1124 665 1312 702 fluviorum
1341 672 1376 702 et
1400 667 1610 703 torrentium
1635 666 1693 711 (en
1716 666 1770 700 las

118 713 288 755 ramblas)
314 714 573 759 provinciarum
598 714 890 749 mediterranear.
912 719 948 749 et
964 714 1149 758 Baeticae3
1174 715 1287 750 forma
1312 713 1557 751 arachnoidea
1580 713 1771 758 praecipue

115 760 150 794 in
175 760 289 795 Catal.
329 761 376 805 (in
411 761 588 796 montibus
622 771 730 796 zonae
754 761 921 806 littoral.,
947 761 1081 796 CSTA.!
1120 772 1173 806 pr.
1199 760 1330 805 Horta,
1363 761 1399 795 in
1423 766 1542 796 monte
1566 759 1770 803 Pedralves,

111 806 280 851 COMP.!),
318 807 380 842 sed
406 819 545 852 quoque
569 809 606 842 in
630 818 737 851 regno
763 808 909 843 Granat.
937 808 986 851 (in
1012 819 1096 851 agro
1121 807 1348 853 Granatensi,
1374 808 1496 853 WK.);
1532 828 1576 832 —
1605 810 1641 850 β.
1675 806 1771 841 haud

110 864 190 888 raro
217 865 295 888 cum
323 867 357 889 α.
383 855 431 899 (v,
457 866 486 889 c.
513 855 550 889 in
575 855 665 890 colle
680 854 893 899 Montjuich,
911 855 1012 899 WK.,
1031 854 1163 890 CSTA.!
1190 854 1342 890 Rambla
1359 855 1402 890 de
1419 854 1603 890 Monroich
1621 855 1657 888 in
1672 866 1768 899 prov.

110 900 320 948 Tarracon,
348 901 455 944 ΨΚ,
493 901 529 936 in
554 902 703 936 collibus
728 913 781 946 pr.
807 901 971 946 Malaga,
999 901 1106 945 WK.,
1144 913 1197 946 pr.
1223 901 1347 946 Rivas,
1373 902 1548 947 BOUT.!);
1588 920 1631 926 --
1667 913 1702 946 2¹-
1732 901 1768 935 iu

110 948 304 993 Pyrenaeis
330 948 560 983 Catalauniae
586 948 704 992 (Valle
730 948 773 982 de
790 948 891 983 Aran
917 954 952 984 et
977 948 1073 991 alibi,
1100 948 1278 993 COMP.!);
1297 968 1341 973 —
1361 949 1393 983 ὁ.
1419 949 1464 984 ad
1490 959 1594 995 sepes
1618 960 1671 992 pr.
1690 948 1765 982 urb.

107 994 200 1030 Jaen
221 995 372 1040 (LGE.!)
390 1015 434 1019 —
453 995 499 1038 ἢ.
525 995 775 1038 Mart.—Aug.
800 995 847 1040 (v.
873 994 917 1037 v.)
947 994 1116 1039 »Beluda,
1140 995 1292 1039 Melosa,
1317 995 1566 1040 Pegamoscas,
1593 995 1765 1038 Tarraga,

107 1041 228 1076 Yerba
252 1042 416 1077 culebra«
447 1042 591 1078 Castell.
617 1048 652 1077 et
676 1043 789 1086 Baet.,
819 1041 957 1085 »Ungla
981 1041 1024 1077 de
1049 1046 1129 1086 gat«
1158 1042 1302 1078 Valent.

154 1100 245 1135 Hab.
272 1110 365 1144 spec.
393 1101 427 1134 in
452 1100 581 1145 Lusit,
605 1101 743 1140 Canar.,
769 1110 857 1135 zona
882 1100 1062 1136 mediterr.
1089 1102 1180 1135 omni
1205 1106 1240 1135 et
1266 1111 1405 1145 quoque
1432 1100 1580 1145 Europa
1604 1098 1695 1134 med.
1722 1098 1767 1134 ad

107 1147 257 1191 Helvet.,
284 1147 433 1192 Tyrolin
457 1153 493 1183 et
517 1148 729 1182 Carnioliam
755 1158 876 1192 usque.

149 1230 165 1262 ἱ)
183 1229 285 1263 3872.
337 1231 381 1263 0.
416 1231 716 1271 angustissima
748 1229 851 1265 LAM.
889 1229 982 1264 Dict.
1008 1229 1041 1275 Ι,
1078 1241 1113 1275 p.
1140 1229 1224 1272 508,
1262 1227 1333 1263 DC.
1367 1228 1492 1265 Prodr.
1528 1227 1582 1271 II,
1617 1239 1649 1272 p.
1680 1228 1763 1262 161!

19 1271 29 1282 ⁸
61 1273 173 1309 ΨΒΒ.
209 1276 314 1320 Phyt.
350 1275 477 1313 Canar.
513 1275 565 1319 (O.
591 1276 774 1319 longifolia
801 1276 859 1312 W.
894 1276 1021 1311 Enum.
1053 1277 1102 1322 pl.
1135 1277 1170 1311 h.
1200 1275 1319 1311 Berol.
1352 1288 1387 1321 p.
1414 1275 1514 1320 7501)
1562 1275 1592 1310 F
1596 1273 1777 1319 raticosa„

57 1321 212 1357 breviter
236 1322 420 1367 puberum,
445 1323 606 1358 caulibus
633 1324 761 1359 erectis
786 1323 931 1367 virgatis
958 1324 1060 1358 1—2‘
1083 1324 1118 1367 1.,
1142 1323 1245 1359 valde
1270 1323 1469 1368 ramulosis,
1495 1323 1642 1357 ramulis
1665 1322 1766 1356 folio-

59 1368 126 1414 sis;
153 1369 248 1405 foliis
274 1369 347 1404 fere
373 1370 536 1405 omnibus
555 1370 777 1416 3-foliolatis,
804 1370 935 1406 foliolis
953 1371 1085 1406 teneris
1103 1370 1305 1416 diaphanis,
1331 1370 1457 1414 longis,
1482 1369 1765 1405 lineari-lanceo-

58 1415 155 1461 latis,
179 1425 313 1452 remote
337 1416 578 1462 adpresseque
599 1416 754 1454 dentatis
772 1417 952 1465 (dentibus
971 1417 1310 1463 cuspidiformibus);
1337 1417 1478 1462 stipulis
1497 1417 1635 1462 amplis,
1660 1422 1763 1461 parte

56 1462 169 1498 libera
202 1464 531 1508 elongato-lineari,
568 1465 738 1510 petiolum
771 1470 948 1510 aequante
978 1478 1008 1500 v.
1042 1470 1249 1510 superante,
1284 1464 1430 1500 floribus
1455 1464 1536 1499 laxe
1561 1463 1764 1505 racemosis,

55 1510 287 1555 paniculatis,
321 1511 450 1545 7—8¹‘¹
475 1511 516 1555 l.,
552 1511 750 1556 pedunculo
774 1511 896 1547 folium
923 1517 1113 1556 superante
1144 1512 1247 1556 longe
1284 1512 1449 1556 aristat03
1489 1510 1626 1546 laciniis
1652 1511 1761 1555 calyc.

57 1557 250 1593 linearibus
274 1558 375 1601 longo
401 1559 623 1602 acuminatis,
649 1559 733 1593 tubo
758 1559 926 1603 2-3-plo
951 1559 1179 1604 longioribus,
1205 1558 1338 1593 corolla
1362 1557 1465 1603 flava,
1491 1557 1619 1593 vexillo
1644 1563 1762 1592 rotun-

55 1604 154 1649 dato,
180 1605 445 1641 aureo-striato.
481 1625 523 1630 ——
557 1605 770 1650 Pedunculi,
800 1605 966 1650 pedicelli
991 1606 1201 1651 calycesque
1227 1605 1334 1641 dense
1360 1604 1761 1651 glanduloso-puberuli.

150 1663 191 1697 In
213 1673 321 1706 regno
348 1662 488 1698 Valent.
514 1663 620 1707 (inter
646 1663 818 1699 Valencia
843 1669 878 1700 et
903 1665 1029 1709 Denia,
1053 1665 1313 1700 DELAROOHE
1336 1674 1381 1699 ex
1405 1663 1504 1707 DC.).
1527 1684 1567 1689 —-
1590 1663 1623 1708 ὴ
1651 1663 1698 1708 (n.
1717 1663 1762 1706 v.)

150 1709 241 1744 Hab.
266 1710 302 1745 in
327 1710 499 1753 Canariis,
525 1710 675 1754 Algeria
699 1711 850 1746 australi
875 1717 910 1746 et
934 1722 1042 1755 regno
1068 1711 1266 1747 Tunetano.

150 1767 426 1804 Observatio.
473 1769 588 1803 Valde
613 1768 746 1813 dubito,
772 1770 857 1813 quin
880 1770 969 1804 haec
995 1770 1132 1814 species
1158 1768 1366 1814 spectabilis
1393 1779 1415 1803 a
1438 1769 1614 1804 botanicis
1640 1778 1761 1803 recen-

102 1814 251 1850 tioribus
284 1825 352 1849 non
383 1815 570 1850 observata
602 1815 638 1850 in
663 1815 839 1861 Hispania
869 1816 1066 1862 proveniat.
1115 1817 1286 1852 Fortasse
1312 1815 1352 1850 Ο.
1379 1815 1538 1852 Natricis
1563 1816 1678 1851 forma
1702 1826 1761 1850 an-

53 1862 235 1904 gustifolia
259 1873 323 1907 pro
348 1862 410 1897 illo
435 1863 559 1898 habita
584 1868 650 1898 est.

105 1931 220 1967 Scotto
245 1931 319 1966 IV.
356 1931 538 1967 Pseudo
551 1933 735 1978 cytisus
764 1932 851 1968 WK.
893 1933 1017 1969 Flores
1038 1936 1127 1969 1—3
1152 1934 1267 1970 autin
1292 1933 1492 1980 pedunculo
1518 1933 1661 1968 axillari
1686 1944 1760 1966 mu-

262 1979 332 2013 tico
357 1991 387 2013 v.
413 1980 530 2014 rarius
563 1980 599 2014 in
633 1991 835 2016 mucronem
867 1986 1091 2017 recurvatum
1123 1981 1294 2026 producto
1327 1981 1473 2025 inserti⁷
1507 1980 1629 2016 autin
1654 1979 1759 2023 gibbo

260 2025 403 2061 axillari
435 2026 457 2062 i.
484 2037 514 2062 e.
545 2027 742 2071 pedunculo
775 2028 1104 2074 abbreviatissimo,
1141 2028 1441 2064 inflorescentiam
1474 2037 1693 2062 racemosam
1729 2039 1758 2061 v.

260 2073 433 2117 spicatam
466 2073 672 2110 formantes.
722 2075 824 2110 Folia
857 2074 999 2110 floralia
1031 2082 1094 2111 aut
1118 2076 1236 2111 omnia
1268 2080 1330 2111 aut
1360 2076 1487 2111 saltem
1513 2074 1698 2119 superiora
1724 2074 1758 2107 in

258 2120 423 2156 bracteas
448 2120 663 2166 stipulaceas
689 2127 913 2167 commutata,
938 2122 1055 2158 rarius
1081 2123 1200 2158 omnia
1225 2123 1432 2159 3—foliolata.
1475 2121 1615 2157 Corolla
1639 2120 1756 2156 colore

259 2167 367 2219 varia.
398 2188 439 2193 —
466 2167 642 2212 Frutices,
668 2169 783 2205 rarius
810 2170 1014 2206 suffrntices
1038 2169 1134 2205 foliis
1161 2169 1381 2206 3-foliolatis.

549 2271 694 2308 Clavis
728 2273 979 2319 specierum
1010 2274 1247 2320 analytica.

128 2349 152 2376 1.
190 2350 291 2390 Flores
315 2350 379 2375 1—3
406 2351 436 2376 in
466 2354 631 2383 pedunculo
662 2355 779 2381 axillari
800 2357 885 2389 longo
907 2359 959 2382 aut
977 2358 1064 2383 brevi
1083 2358 1187 2383 insert-i

191 2392 298 2416 carnei,
319 2387 404 2415 rosei,
425 2389 580 2419 purpurei.
618 2390 644 2414 ⁴2.

121 2434 153 2437 —
191 2420 291 2444 Flores
312 2420 340 2444 in
363 2422 453 2451 gibbo
473 2423 588 2447 axiunri
610 2424 721 2455 inserti,
744 2425 813 2450 flavi
833 2433 860 2450 v.
883 2428 978 2451 aurei.
1017 2427 1102 2451 Folia
1115 2427 1199 2451 flora-

189 2454 229 2478 lia
244 2456 280 2479 ad
300 2455 434 2480 bracteas
455 2457 585 2483 reducta.
623 2459 649 2485 5.

125 2488 151 2513 2.
190 2489 274 2513 Folia
295 2490 408 2514 floralia
430 2492 526 2516 onmia
545 2492 717 2519 3-foliolata.
758 2494 876 2520 Corolia
896 2503 1058 2527 purpurea.
1098 2497 1124 2522 3.

121 2537 151 2540 -
190 2523 275 2548 Folia
295 2525 407 2549 floralia
428 2526 526 2550 infima
547 2526 716 2559 3-f01101ata‚
739 2531 854 2561 reliqua
869 2531 904 2555 ad
919 2531 1051 2556 bracteas
1066 2532 1194 2556 reducta.

124 2592 141 2618 3
187 2558 273 2583 Folia
293 2559 409 2584 caulina
429 2561 606 2587 fasciculam.
644 2563 671 2588 4.

144 2610 150 2616 .
189 2593 302 2618 Foliola
313 2594 433 2625 sessum,
455 2596 726 2628 oblongo-cuneata,
744 2600 885 2625 coriacea.
913 2600 1075 2626 Peduncuu
1094 2601 1194 2631 l-flori,

188 2628 257 2668 folio
277 2629 435 2660 longiores,
474 2629 624 2657 Suffrutex
644 2635 837 2664 procumbens
858 2635 980 2660 diffusus
996 2654 1190 2660 .....
1228 2636 1263 2661 Ο,
1287 2635 1333 2661 Ce
1347 2643 1364 2659 n
1377 2635 1449 2659 isia
1470 2634 1503 2658 L.

120 2675 151 2679 -—
188 2662 335 2702 Foliolum
355 2664 481 2688 medium
501 2666 587 2697 longe
600 2668 818 2700 petiolulatum‚
839 2671 975 2694 lateralia
990 2671 1113 2701 sessilia,
1136 2678 1194 2695 om-
1630 2665 1654 2690 f

187 2704 237 2721 nia
256 2698 423 2728 rotundam,
444 2706 556 2731 magna,
577 2703 807 2728 membranacea.
836 2704 998 2729 Pedunculi
1019 2706 1099 2737 longi
1112 2706 1193 2731 2—3-

190 2732 266 2757 flori.
305 2732 453 2758 Suffrutex
475 2739 586 2759 erectus
607 2740 658 2760 aut
678 2735 854 2762 adscendens
911 2757 1195 2765 .......
1235 2739 1270 2764 Ο.
1290 2741 1408 2763 rotun
1421 2737 1502 2761 diso
1517 2736 1570 2760 lia
1591 2736 1626 2759 L·

125 2764 151 2790 4.
191 2767 306 2792 Foliola
337 2769 449 2792 sessilia
481 2770 611 2794 coriacea
641 2773 827 2797 circacircum
858 2776 980 2799 serrata.
1032 2775 1194 2800 Pedunculi

189 2802 317 2833 elongati
341 2803 500 2833 1—3-flori‚
524 2811 653 2830 racemos
673 2807 854 2837 paniculalos
874 2809 1042 2834 formantes.
1082 2809 1198 2835 Corolia

187 2842 346 2868 purpurea.
386 2838 496 2862 Frutex
517 2842 629 2864 erectus
650 2843 700 2865 aut
719 2841 895 2867 adscendens
952 2861 1191 2868 ......
1230 2842 1265 2867 O.
1288 2841 1485 2865 fruticosa
1505 2840 1540 2864 L·

121 2881 151 2886 —-
190 2870 302 2895 Foliola
315 2873 426 2896 sessilia
442 2879 571 2903 carnosa,
587 2875 670 2905 apice
683 2875 800 2900 dentata
814 2884 842 2900 v.
855 2878 1054 2908 intogerrima.
1080 2878 1192 2902 Pcdun-

190 2906 247 2929 culi
267 2907 370 2931 breves
388 2909 418 2932 1-
437 2908 540 2937 ‘z-flori,
562 2911 751 2940 paniculatim
767 2911 912 2942 dispositi.
951 2913 1067 2938 Corolia
1088 2919 1192 2936 carnea,

188 2941 239 2978 aut
258 2947 348 2971 rosea,
371 2943 423 2966 alis
439 2944 597 2974 carinaque
610 2945 693 2975 apice
708 2945 944 2972 violascentibus.
975 2948 1086 2971 Frutcx
1103 2954 1191 2971 raino-

188 2974 317 2999 sxssimus
337 2979 450 3001 erectus
470 2980 521 3002 aut
540 2979 734 3009 procumbens
768 2997 1192 3006 ..........
1232 2980 1267 3005 O.
1289 2979 1510 3005 tridentata
1530 2979 1565 3004 L-

122 3021 151 3025 -
188 3007 304 3049 Foliola
322 3012 434 3036 sessilia
454 3018 589 3044 carnosa,
609 3015 692 3045 apice
711 3014 831 3040 dentata
850 3023 878 3040 v.
900 3016 1100 3047 integerrima.
1138 3016 1190 3040 Pe-

187 3041 306 3068 duncun
334 3045 439 3071 breves
472 3047 630 3079 1—‘2-fl0ri‚
660 3049 851 3080 paniculatim
880 3051 1025 3082 dispositi.
1073 3049 1190 3075 Corona
