1976 3314
1001 157 1098 202 850

204 283 323 328 quovis
360 283 472 318 loculo
509 293 536 317 c.
563 283 619 322 20)
656 280 883 316 biserialibus
919 279 971 323 (in
1012 278 1051 312 E.
1079 278 1190 313 sativa
1226 277 1552 317 subuniserialibus‚
1586 278 1677 311 4—8
1712 277 1746 311 in
1779 278 1904 321 quovis

203 330 344 374 loculo),
377 330 420 364 ab
446 331 512 364 hac
537 329 635 363 caule
662 327 861 371 subglabro,
899 324 1029 369 sepalis
1056 324 1194 368 erectis,
1232 334 1299 358 non
1323 324 1455 360 inflatis
1482 329 1546 359 etc.
1596 324 1651 358 Ab
1677 323 1720 357 E.
1748 328 1903 359 steno-

204 386 346 421 carpa
369 376 453 410 Bss.
479 376 589 419 magis
615 374 732 410 differt
749 384 853 408 nervo
880 371 1025 406 centrali
1051 371 1229 405 valvarum
1254 369 1413 405 evidente
1440 372 1566 415 (neque
1591 370 1773 414 obsoleto),
1799 371 1905 406 semi—

202 423 304 458 nibus
329 422 556 457 biserialibus
580 420 921 464 rotundo-angulatis
946 417 1166 460 subglobosis
1191 422 1317 460 (neque
1342 417 1500 460 oblongis
1526 417 1824 459 uniserialibus).«

295 480 411 525 Prope
447 480 626 524 Aranjuez
664 483 699 513 et
736 478 852 512 Lorca
882 476 974 510 hanc
1011 474 1170 520 plantam
1203 473 1292 509 Nov.
1319 479 1354 509 et
1386 473 1471 509 Dec.
1495 474 1716 510 fructiferam
1751 475 1820 518 leg.
1856 474 1902 509 cl.

248 527 406 561 LANGE.
431 547 475 552 ——
501 531 551 568 Θ.
577 528 623 570 (n.
648 526 706 570 v.).

294 583 390 620 Obs.
438 584 633 628 Cognomen
674 579 1018 624 orthosepalae
1057 588 1183 623 parum
1222 577 1385 612 idoneum
1427 583 1493 621 est,
1531 578 1623 622 quod
1663 579 1699 612 in
1735 578 1896 613 omnibus

248 631 386 676 Erucis,
413 641 500 675 quas
514 636 595 665 ante
613 629 732 664 oculos
758 626 876 669 habui,
904 625 1024 670 sepala
1049 630 1130 660 sunt
1154 626 1292 668 erecta,
1318 625 1387 658 imo
1411 623 1583 668 adpressa
1606 626 1656 659 ita
1678 630 1716 659 ut
1741 625 1900 670 calycem·

247 678 402 712 clausum
439 677 661 715 constituant,
700 674 806 709 etiam
838 674 872 707 in
899 672 943 706 E.
967 671 1147 706 vesicaria.
1196 671 1374 706 Numerus
1412 671 1582 706 seminum
1616 672 1719 715 pauci
1746 678 1799 707 est
1824 681 1901 705 mo*

247 725 365 768 menti,
400 724 489 768 quod
515 724 550 757 in
574 722 732 757 omnibus
757 719 940 764 speciebus
966 718 1067 754 valde
1092 718 1215 753 variat.
1265 718 1421 762 Siliquae
1445 728 1574 762 parvae
1600 718 1733 753 semina
1770 728 1899 763 pauca,

248 781 393 814 magnae
430 770 539 805 multa
573 769 751 804 continere
777 766 900 802 solent.
950 765 1112 809 Denique
1138 765 1272 800 semina
1296 766 1329 799 in
1357 764 1398 798 E.
1425 764 1625 808 longirostri
1652 764 1791 808 quidem
1818 765 1897 798 sub-

246 817 440 852 uniseriata
464 822 560 860 sunt,
585 816 621 849 in
646 814 689 848 E.
715 814 828 849 sativa
852 818 968 847 autem
993 812 1169 852 biseriata,
1194 812 1230 845 in
1254 811 1297 846 E.
1323 811 1496 846 vesicaria
1519 811 1768 846 subbiseriata.
1801 810 1903 854 Quas

247 865 290 899 ob
315 873 440 899 causas
464 863 507 898 E.
533 861 760 906 orthosepala
784 860 920 905 species
945 858 1061 894 adhuc
1087 858 1193 894 dubia
1216 858 1303 892 mihi
1327 857 1475 893 videtur.

318 966 658 1007 DCCCCLXXIX.
701 963 1161 1005 EUZOMODENDRON
1186 964 1299 1004 Coss.
1324 976 1384 1016 ap.
1410 963 1519 1004 Wssss.
1552 963 1613 1003 Ot.
1637 963 1747 1015 Hisp.
1771 975 1807 1014 p.
1824 960 1899 1001 47!

209 1025 352 1077 Sepala
384 1030 520 1065 erecta
552 1023 736 1074 decidua,
765 1022 945 1062 lateralia
980 1023 1064 1061 basi
1098 1027 1268 1061 saccata.
1319 1021 1451 1061 Petala
1484 1021 1721 1074 longissime
1752 1021 1895 1072 ungui-

205 1084 361 1132 culata,
402 1082 522 1122 limbo
555 1083 726 1121 obovato
769 1081 931 1133 integro
964 1085 1138 1132 patente.
1201 1079 1416 1118 Filamenta
1451 1078 1650 1127 edentula.
1682 1079 1894 1118 staminum

203 1142 433 1193 longiorum
469 1139 518 1179 ad
550 1140 701 1191 apicem
734 1150 862 1189 usque
896 1150 967 1189 per
999 1138 1108 1189 paria
1131 1142 1314 1187 connata,
1346 1136 1538 1176 antherae
1560 1136 1724 1176 liberae.
1778 1135 1895 1175 Glan—

201 1198 321 1239 dulae
355 1199 429 1237 tori
464 1196 512 1247 2,
561 1208 681 1248 supra
715 1196 925 1235 staminum
959 1195 1184 1234 breviorum
1218 1196 1494 1234 insertionem.
1555 1194 1705 1245 Siliqua
1735 1193 1895 1232 lanceo-

204 1256 478 1309 lato-oblonga
514 1255 596 1294 basi
630 1258 855 1301 attenuata,
900 1253 1234 1304 subcompressa,
1285 1252 1410 1292 valvis
1453 1253 1645 1292 convexis
1680 1252 1896 1291 ecarinatis

200 1314 425 1362 5-nerviis,
477 1313 612 1351 nervis
645 1310 847 1363 parallelis
882 1310 1266 1362 aequidistantibus,
1297 1310 1520 1361 aequaliter
1552 1310 1718 1357 crassis,
1758 1314 1894 1348 rostro

200 1383 462 1422 compresso,
507 1368 742 1422 triangulari
775 1381 812 1407 V.
847 1367 1261 1418 lineari-lanceolam,
1299 1379 1498 1417 nervoso,
1532 1379 1743 1418 aspermo,
1778 1372 1896 1418 septo

205 1429 517 1468 membranaceo
549 1429 671 1476 tenui,
702 1426 843 1465 loculis
865 1423 1216 1477 4—lO-spermis.
1260 1426 1419 1464 Semina
1443 1425 1628 1477 pendula.
1664 1425 1895 1474 uniseriata,

200 1492 329 1535 ovata,
361 1497 610 1537 compressa,
643 1484 904 1523 circacircum
937 1483 1014 1522 late
1049 1483 1493 1533 membranaceo—alata,
1524 1483 1666 1523 laevia.

290 1577 394 1610 4826.
442 1577 488 1609 E.
513 1577 836 1615 Bourgaeanum
862 1572 972 1607 COSS.
998 1572 1021 1605 l.
1048 1583 1087 1613 c.‚
1113 1577 1136 1606 t.
1161 1572 1224 1606 43!
1251 1577 1287 1606 et
1310 1571 1393 1605 Not.
1418 1571 1466 1615 pl.
1485 1571 1560 1606 crit.
1580 1583 1613 1615 p.
1634 1571 1714 1605 144!
1740 1571 1894 1606 BOURG.

200 1622 246 1666 pl.
272 1622 375 1667 Hisp.
401 1632 473 1656 exs.
499 1631 530 1655 n.
559 1621 664 1655 1058!
714 1619 956 1662 Fruticosum,
983 1624 1148 1661 erectum,
1174 1628 1280 1662 saepe
1306 1629 1327 1652 a
1350 1618 1428 1652 basi
1452 1628 1639 1657 ramosum,
1664 1617 1773 1653 ramis
1798 1617 1898 1652 adul-

197 1669 243 1703 tis
261 1668 615 1707 cinereo-corticatis;
640 1666 732 1702 foliis
750 1665 928 1709 confertis,
953 1665 1141 1709 petiolatis.
1165 1664 1456 1709 binnatipartitis,
1480 1664 1593 1698 rarius
1611 1663 1781 1707 indivisis,
1805 1665 1894 1699 lobis

202 1715 472 1759 subaequalibus
489 1714 682 1748 linearibus
700 1713 851 1757 obtusis3
876 1711 1021 1746 floribus
1039 1712 1255 1756 majusculis,
1280 1711 1482 1752 racemosis,
1502 1711 1621 1755 calyce
1639 1711 1894 1754 glabrescente,

198 1762 327 1806 petalis
351 1760 748 1797 albido-lutescentibus,
781 1759 1045 1799 fusco-venosis,
1084 1759 1212 1792 6-7‘⁴‘
1237 1758 1279 1799 l.;
1319 1758 1456 1801 siliquis
1482 1758 1637 1791 breviter
1661 1757 1894 1801 pedicellatis,

197 1809 340 1853 patulis,
366 1808 669 1853 subpollicaribus,
706 1806 848 1850 glabris,
886 1811 999 1840 rostro
1024 1805 1139 1839 fructu
1163 1805 1334 1840 breviore.
1364 1824 1405 1830 —
1431 1804 1634 1839 Fruticulus
1658 1805 1795 1838 8—20‘¹
1822 1804 1894 1848 alt.,

197 1855 331 1890 inferne
356 1855 479 1894 nudus,
505 1854 597 1888 foliis
622 1854 748 1898 parvis,
775 1852 924 1887 racemis
950 1850 1188 1886 6—15-floris.

290 1913 333 1947 In
359 1913 430 1948 solo
455 1912 611 1946 calcareo
637 1911 853 1953 salsuginoso
880 1909 978 1944 arido
1002 1909 1156 1952 regionis
1181 1908 1335 1942 inferior.
1361 1908 1558 1952 provinciae
1583 1908 1793 1942 Almeriens.
1813 1918 1893 1952 pas-

245 1961 309 1995 sim
336 1959 392 2003 (ad
433 1959 533 1993 basin
557 1959 684 1993 montis
708 1957 827 1992 Sierra
851 1956 893 1991 de
919 1955 1038 1991 Gador
1063 1956 1124 1990 int.
1150 1955 1259 1990 Santa
1284 1955 1335 1988 Fe
1361 1960 1396 1990 et
1419 1954 1583 1997 Huesica,
1620 1954 1818 1998 BOURG.!).
1845 1973 1889 1978 -

244 2013 277 2044 b.
314 2007 414 2051 Apr.,
438 2005 535 2050 Majo
560 2006 603 2049 (v.
631 2006 683 2048 s.).

313 2098 633 2139 DCCCCLXXX.
659 2096 849 2136 SlNAPIS
874 2096 914 2134 L.
940 2096 1037 2135 Gen.
1056 2095 1107 2147 pl.
1127 2093 1221 2134 821.
1255 2094 1396 2146 Sepala
1422 2095 1506 2133 basi
1527 2094 1721 2145 aequalia,
1744 2096 1888 2146 patula.

196 2157 328 2196 Petala
361 2155 629 2209 unguiculata‚
662 2155 782 2194 limbo
816 2156 985 2194 obovato
1016 2154 1175 2206 integro
1208 2158 1382 2204 patente.
1426 2153 1601 2191 Stamina
1636 2152 1774 2198 libera,
1806 2152 1887 2192 fila-

197 2216 342 2254 mentis
375 2213 586 2254 edentulis.
629 2212 845 2251 Glandulae
878 2212 953 2251 tori
978 2208 1015 2255 4,
1047 2209 1070 2249 2
1104 2211 1291 2250 laterales
1325 2222 1445 2261 supra
1479 2211 1689 2249 staminum
1725 2211 1886 2250 brevio-

196 2285 279 2312 rum
315 2273 439 2323 basin,
470 2272 493 2310 2
528 2271 733 2309 medianae
766 2269 869 2309 infra
902 2270 1113 2308 staminum
1145 2269 1371 2320 longiorum
1407 2269 1529 2319 paria.
1593 2267 1743 2318 Siliqua
1777 2273 1882 2307 tere—

195 2330 363 2369 tiuscula
394 2342 428 2369 v,
461 2330 791 2379 subcompressa,
826 2327 989 2366 linearis
1021 2332 1087 2366 aut
1119 2327 1312 2378 oblonga,
1343 2326 1470 2364 valvis
1503 2326 1720 2374 convexis,
1754 2325 1908 2365 3--52

194 2389 359 2438 nervus,
392 2388 528 2426 nervis
552 2387 678 2425 tribus
703 2386 900 2437 primariis
930 2384 1289 2435 aequidistantibus
1324 2384 1509 2423 crassitie
1533 2383 1767 2434 aequalibus
1801 2383 1884 2422 ele-

199 2446 322 2495 vatis,
366 2446 479 2483 venis
513 2444 902 2483 anastomosantibus
935 2442 1183 2493 conjunctis,
1234 2446 1369 2480 rostro
1402 2452 1638 2492 compresso
1672 2441 1879 2480 ensiformi

196 2508 261 2542 aut
293 2503 537 2548 subconico,
586 2513 707 2552 saepe
740 2500 996 2547 seminifero,
1037 2500 1167 2539 fructu
1200 2500 1286 2550 ipso
1319 2511 1422 2538 nunc
1455 2499 1661 2551 longiore,
1696 2500 1882 2550 stigmate

196 2560 431 2607 discoideo‚
475 2559 615 2599 loculis
650 2559 777 2610 oligo·
809 2571 844 2597 v.
876 2557 1156 2609 polyspermis.
1220 2558 1378 2596 Semina
1411 2557 1651 2606 uniseriata⁷
1694 2555 1880 2608 pendula,

194 2630 347 2670 magna,
380 2619 560 2670 globosa,
593 2621 658 2657 aut
681 2616 1003 2667 subcompressa,
1036 2621 1172 2666 aptera
1205 2615 1347 2660 laevia,
1382 2614 1686 2666 cotyledonibus
1721 2613 1875 2654 bilonis,

201 2698 246 2703 ——
282 2676 436 2716 Herbae
461 2687 612 2714 annuae
634 2687 670 2713 v.
696 2675 878 2723 biennes,
909 2678 1084 2723 erectae,
1110 2684 1304 2721 ramosae,
1338 2672 1442 2711 foliis
1466 2673 1597 2720 variis,
1627 2670 1792 2710 floribus
1828 2671 1865 2709 in

195 2744 377 2773 racemos
409 2732 643 2772 terminales
677 2733 930 2771 ebracteatos
962 2730 1181 2782 dispositis,
1214 2730 1357 2781 petalis
1389 2730 1513 2770 ssavis.

240 2821 328 2859 Sect.
352 2823 385 2857 Ι.
434 2823 528 2856 Len
544 2821 796 2866 eosz'vzapis
832 2820 902 2855 DC.
928 2820 1019 2864 Syst.
1043 2819 1088 2859 II,
1107 2831 1150 2872 p.
1176 2821 1264 2855 620!
1314 2820 1476 2854 Rostrum
1508 2819 1879 2863 plano-compressum,

427 2869 499 2903 late
535 2869 732 2911 ensiforme,
768 2868 883 2902 fructu
916 2867 992 2911 ipso
1023 2866 1170 2909 longlus.
1208 2866 1243 2900 in
1268 2872 1416 2910 utroque
1454 2865 1565 2899 latere
1590 2864 1704 2898 medio
1730 2865 1880 2901 elevato-

431 2916 596 2959 trinerve,
620 2915 697 2950 basi
721 2925 829 2959 saepe
855 2913 1103 2949 seminiferum.
1152 2913 1292 2947 Semina
1317 2923 1438 2956 grossa
1463 2911 1799 2956 depresso—globosa.

286 2993 386 3026 4827.
435 2997 471 3028 S.
499 2997 679 3029 dissecta
702 2995 801 3029 LAG.
851 2995 936 3029 Nov.
961 3004 1036 3038 gen.
1063 3004 1115 3037 sp.
1145 2994 1232 3029 2641
1269 2993 1340 3028 DC.
1367 2993 1389 3026 1.
1414 3003 1441 3027 c.
1467 3004 1500 3035 p.
1528 2993 1612 3026 621!
1650 2991 1721 3027 GR.
1747 2991 1876 3027 GODR.

194 3038 217 3071 l.
242 3048 270 3074 c.
295 3050 329 3083 p.
355 3040 416 3073 741
464 3042 555 3076 AMO
580 3042 602 3075 l.
628 3053 655 3077 c.
681 3053 713 3085 p.
739 3043 824 3076 471!
874 3041 1026 3076 BOURG.
1057 3040 1105 3084 pl.
1137 3039 1237 3084 Hisp.
1269 3050 1341 3075 exs.
1373 3050 1407 3073 n.
1435 3040 1542 3072 1034!
1592 3038 1771 3082 (Brassica
1807 3038 1876 3073 dis—
