1976 3314
879 142 973 185 117

72 266 274 311 phizomate
298 264 400 307 longe
424 266 589 308 repente,
623 272 738 297 ramos
770 261 967 306 permultos
995 261 1139 296 foliosos
1176 265 1212 295 et
1247 261 1368 296 rosula
1401 261 1608 295 terminatos
1643 261 1780 299 edente,

73 312 234 347 dlurimis
259 311 451 353 sterilibus,
477 309 638 344 omnibus
663 309 869 354 repentibus
894 313 928 343 et
954 307 1268 349 adscendentibus,
1295 307 1388 342 foliis
1413 307 1583 342 emortuis
1608 308 1778 342 brunneis

77 369 181 393 reuse
206 357 363 401 vestitis3
398 357 492 391 foliis
518 356 651 399 glabris
677 361 738 390 aut
763 355 939 400 pilosulis,
970 355 1131 389 cuneatis
1157 354 1410 398 3—5-partitis
1435 354 1470 387 in
1497 354 1666 399 petiolum
1692 360 1781 389 atte-

75 406 209 446 nuatis,
234 404 373 439 laciniis
399 403 750 438 lineari-lanceolatis
775 402 888 437 acutis
913 402 1147 445 mucronatis3
1185 401 1346 436 caulibus
1372 401 1501 435 erectis
1530 400 1642 434 1-—3¹¹
1667 400 1690 434 l.
1715 401 1781 436 fili-

75 452 246 487 formibus
271 461 378 495 parce
404 450 546 493 foliatis,
572 448 798 493 paucifloris,
831 461 909 483 curn
941 448 1148 492 pedunculis
1173 448 1424 493 calycibusque
1450 447 1782 491 glanduloso-pube-

75 500 180 543 rulis3
207 497 355 532 floribus
383 497 484 539 longe
510 496 757 541 pedunculatis
783 496 927 537 erectis,
962 495 1093 540 sepalis
1120 495 1230 530 ovatis
1256 494 1487 529 acutiusculis
1512 499 1588 529 toro
1614 494 1782 529 obconico

77 545 378 589 subaequilongis,
413 543 544 589 petalis
577 543 736 585 oblongis
769 544 872 577 breve
898 542 1132 585 unguiculatis
1158 542 1278 586 calyce
1304 541 1410 585 duplo
1435 541 1654 584 longioribus
1679 541 1781 585 albis,

77 592 285 628 staminibus
311 591 432 636 petala
456 590 770 634 subaequantibus,
797 589 956 625 antheris
983 589 1106 631 ovatis,
1133 589 1234 633 stylis
1252 588 1527 634 erectis'calyce
1554 588 1781 632 longioribus,

74 641 109 674 in
133 639 281 683 capsula
306 643 449 673 exserta
474 638 689 682 patentibus.
1272 657 1274 659 -

166 697 207 730 In
232 697 373 740 regione
398 695 519 739 alpina
543 695 756 740 Pyrenaeor.
783 694 893 729 Catal.
921 700 956 729 et
973 694 1128 736 Aragon.
1155 693 1190 727 in
1217 693 1354 728 saxosis
1380 692 1424 727 ad
1451 692 1628 736 margines
1654 692 1782 727 nivium

121 743 385 787 glacierumque
411 742 455 776 ad
482 742 541 776 alt.
570 742 744 776 7—9000‘
778 742 858 785 (›>en
894 741 995 775 todos
1021 741 1073 775 los
1097 745 1243 785 puertos
1269 752 1290 785 y
1316 751 1359 774 en
1384 740 1419 774 la
1446 739 1646 774 Maladetta
1672 739 1781 774 abun-

123 791 271 829 dante«,
305 790 441 823 OSTA.!
479 789 555 823 Coll
587 788 643 823 del
669 788 834 832 Hospital
863 787 905 822 de
931 787 1066 832 Viella,
1100 788 1277 832 BOUR(÷.,
1312 787 1557 831 Penablanca,
1592 786 1783 830 Renclusa,

122 837 270 881 Zmin).
298 856 342 860 -
369 843 404 876 λι.
431 835 502 869 Jul.
530 835 620 879 Aug.
647 836 692 880 (v.
719 836 773 878 s.).

167 884 257 918 Hab.
284 883 319 917 in
344 882 547 927 Pyrenaeis.

169 955 272 988 3196.
321 955 361 987 S.
390 955 577 995 capitata
608 952 706 986 LAP.
740 952 794 985 Fl.
825 951 907 996 Pyr.
940 963 972 996 p.
1001 952 1060 993 55,
1095 956 1118 985 t.
1152 952 1197 984 30
1233 954 1269 983 et
1302 949 1394 983 Hist.
1429 949 1503 983 abr.
1536 960 1569 993 p.
1597 950 1683 983 232!
1722 947 1782 982 Gr.

75 1001 206 1036 GODR.
233 1000 256 1034 l.
283 1011 312 1035 c.
362 999 490 1034 Differ-t
524 1010 545 1033 a
576 998 739 1043 praeced.
775 1004 914 1033 statura
946 999 1079 1041 majore
1114 1001 1149 1031 et
1182 996 1399 1037 robustiore,
1437 995 1543 1030 ramis
1577 995 1782 1030 rhizomatis

73 1048 250 1083 fertilibus
275 1047 422 1088 erectis,
453 1046 574 1081 rosula
605 1057 731 1089 magna
756 1046 913 1089 capitata
938 1044 1155 1086 terminatis,
1188 1043 1283 1077 foliis
1308 1042 1499 1077 flabellatis
1524 1042 1697 1086 profunde
1723 1044 1784 1076 tri-

74 1095 233 1140 partitis,
272 1093 522 1137 partitionibus
549 1092 757 1135 2-—3-fidis,
793 1092 933 1126 laciniis
965 1091 1175 1126 lanceolatis
1201 1090 1356 1125 ovatisve
1388 1089 1637 1133 acutiusculis3
1675 1089 1784 1124 ramis

76 1141 244 1177 floriferis
270 1141 386 1174 4-6‘¹
412 1141 455 1183 l.,
486 1140 581 1174 foliis
614 1140 757 1174 remotis
788 1138 1141 1173 lineari-lanceolatis
1174 1137 1305 1181 acutis,
1338 1136 1486 1170 floribus
1513 1137 1603 1169 3-7
1630 1136 1782 1180 cymosis

75 1190 178 1232 longe
204 1187 468 1233 peduncnlatis,
505 1187 636 1231 sepalis
669 1187 781 1221 (matis
813 1192 889 1221 toro
922 1185 1089 1220 obconico
1122 1183 1428 1224 subbrevioribus,
1461 1182 1591 1228 petalis
1624 1182 1784 1226 oblongis

77 1236 199 1281 calyce
224 1235 331 1278 triplo
356 1234 584 1277 longioribus,
610 1234 818 1268 staminibus
844 1232 945 1277 stylis
971 1233 1073 1275 longe
1096 1233 1258 1275 exsertis,
1284 1230 1444 1265 antheris
1469 1230 1673 1274 apiculatis,
1699 1230 1784 1273 stig-

78 1283 230 1317 matibus
256 1281 403 1316 clavat-is
430 1287 465 1315 et
490 1280 591 1325 apice
616 1280 717 1315 valde
743 1280 901 1314 dilatatis
926 1279 1031 1313 dense
1057 1279 1256 1324 papillosis.

171 1341 256 1374 Cum
282 1339 446 1383 praeced.
471 1344 506 1373 et
531 1340 564 1374 S.
591 1338 829 1373 adscendente
852 1338 905 1381 L.,
932 1347 1076 1380 quarum
1104 1338 1256 1372 fortasse
1282 1336 1400 1380 proles
1427 1333 1588 1380 hybrida,
1616 1334 1652 1368 in
1676 1334 1784 1379 Pyre-

127 1388 223 1422 naeis
248 1386 465 1421 centralibus
491 1386 635 1430 passim,
660 1397 681 1420 a
707 1386 749 1420 cl.
774 1385 896 1419 COLM.
923 1385 958 1417 in
977 1384 1188 1419 Catalaunia
1213 1383 1381 1425 indicata,
1406 1383 1602 1416 recentiore
1627 1386 1784 1426 tempore

126 1446 194 1470 non
227 1434 434 1475 observata,
468 1433 503 1466 in
529 1433 636 1475 Arag.
675 1433 710 1466 in
740 1433 826 1476 jugo
851 1432 927 1466 Pto.
955 1431 997 1466 de
1022 1432 1209 1475 Benasque
1233 1430 1279 1465 ad
1305 1431 1366 1465 alt.
1393 1430 1496 1463 6000‘
1523 1428 1713 1472 (ENDR.!).
1741 1448 1783 1453 ——

133 1490 168 1520 21.
194 1481 267 1515 Jul.
294 1480 384 1523 Aug.
410 1480 453 1523 (v.
480 1479 534 1523 s.).

171 1528 260 1562 Hab.
287 1528 322 1561 in
348 1526 554 1572 Pyrenaeis.

218 1596 249 1629 g.
289 1584 318 1618 G
329 1583 530 1618 randiflo
541 1594 632 1617 rae:
667 1583 899 1627 spectabiles,
924 1583 1133 1623 herbaceae,
1160 1580 1255 1615 foliis
1282 1580 1560 1614 membranaceis
1587 1579 1785 1614 flabellato-

286 1629 530 1675 palmatifidis,
556 1630 655 1664 caule
681 1630 826 1664 robusto
851 1629 972 1663 foliato
1000 1628 1195 1671 terminali,
1221 1626 1368 1662 floribus
1395 1628 1540 1670 magnis,
1565 1627 1785 1671 paniculato-

289 1690 319 1711 v.
347 1676 738 1722 corymboso-cymosis

173 1749 274 1782 3197.
326 1750 365 1782 S.
390 1747 658 1787 geranioides
684 1746 724 1779 L.
752 1745 836 1779 Cod.
863 1757 893 1778 n.
922 1747 1032 1779 31661
1059 1744 1131 1779 GR.
1157 1744 1286 1778 GODR.
1314 1744 1335 1778 l.
1362 1754 1390 1777 c.
1416 1756 1450 1787 p.
1477 1745 1563 1777 6441
1597 1742 1695 1777 GOU.
1722 1743 1778 1777 Ill.

79 1804 103 1830 t.
132 1797 185 1837 18,
212 1795 235 1828 f.
262 1797 300 1828 21
335 1794 431 1828 LAP.
457 1794 539 1838 Pyr.
566 1799 589 1827 t.
617 1795 678 1827 431
706 1798 741 1827 et
767 1793 848 1826 Hist
885 1794 959 1826 abr.
986 1804 1018 1836 p.
1046 1793 1131 1825 236!
1167 1792 1214 1834 (S,
1241 1790 1401 1834 palmata
1424 1790 1522 1824 LAP.
1550 1790 1604 1824 Fl.
1632 1790 1711 1835 Pyr.
1740 1801 1783 1824 ex

78 1843 190 1876 descr.
217 1852 329 1885 neque
354 1852 399 1875 ex
424 1841 548 1882 icone).
598 1840 696 1873 Laxe
722 1839 940 1883 caespitosa,
968 1837 1247 1879 suffruticulosa,
1275 1836 1468 1872 oaudiculis
1494 1838 1639 1881 erectis,
1666 1837 1786 1871 rosula

78 1888 289 1930 terminatis,
314 1888 394 1922 aliis
414 1887 608 1927 sterilibus,
633 1887 711 1920 aliis
731 1898 748 1920 e
767 1886 908 1920 rosulae
927 1891 1047 1920 centro
1065 1885 1202 1919 caulem
1227 1884 1442 1926 floriferum,
1472 1890 1579 1927 atque
1605 1894 1647 1918 ex
1672 1884 1788 1918 axillis

79 1935 217 1970 rosulae
243 1945 350 1979 saepe
376 1935 531 1968 ramulos
551 1938 690 1968 erectos
716 1932 852 1967 inferne
872 1932 1050 1967 subnudos
1069 1933 1206 1966 alterne
1224 1931 1367 1966 foliatos
1393 1936 1428 1966 et
1453 1931 1554 1975 apice
1580 1931 1785 1966 rosuliferos

81 1983 286 2023 edentibus;
320 1981 417 2016 foliis
442 1981 640 2015 rosularum
668 1980 769 2023 longe
795 1979 993 2024 petiolatis,
1030 1979 1168 2023 petiolis
1192 1979 1350 2021 angustis
1377 1978 1453 2012 basi
1478 1977 1638 2013 dilatatis
1663 1978 1788 2013 arach-

80 2028 509 2073 noideo-pubescentssms,
535 2027 640 2061 limbo
666 2027 828 2070 utrinque
855 2027 1038 2069 puberulo,
1063 2025 1406 2060 cordato-flabellato
1424 2025 1790 2069 palinato-3—5-par-

80 2076 174 2119 titis,
217 2075 468 2120 partitionibus
502 2073 716 2117 2——3-fidis,
753 2073 892 2108 laciniis
926 2073 1038 2108 ovatis
1073 2073 1204 2116 acutis;
1243 2072 1402 2107 caulibus
1438 2074 1554 2106 4-6“
1591 2072 1612 2107 1.
1645 2072 1789 2116 strictis,

81 2133 232 2167 superne
257 2133 336 2156 cum
362 2122 471 2156 ramis
496 2120 704 2165 pedunculis
728 2120 980 2165 calycibusque
1000 2119 1486 2163 subglanduloso-puberulis.
1512 2130 1619 2163 parce
1644 2119 1789 2161 foliatis,

80 2170 177 2204 foliis
209 2169 339 2203 infimis
371 2167 661 2212 brevepetiolatis
694 2167 937 2211 palmatifidis,
974 2166 1218 2211 superioribus
1251 2166 1435 2201 sessilibus
1469 2165 1598 2201 trifidis
1623 2166 1786 2209 integris-

81 2228 165 2261 que,
200 2216 348 2250 fioribus
380 2216 497 2249 8—15
530 2214 926 2259 corymboso-cymosis,
962 2213 1180 2256 longiuscule
1214 2213 1438 2257 pedicellatis
1471 2213 1617 2253 erectis,
1656 2213 1789 2257 sepalis

82 2262 439 2298 lineari-lanceolatis
471 2262 584 2296 acutis
618 2266 694 2295 toro
728 2262 875 2296 obovato
911 2261 1150 2303 longioribus,
1188 2260 1317 2304 petalis
1349 2260 1480 2294 erectis
1513 2260 1680 2295 corollam
1707 2261 1787 2295 sub-

80 2311 277 2345 tubulosam
305 2309 549 2353 formantibus,
576 2308 904 2351 obovato-oblongis
925 2308 961 2341 in
979 2318 1129 2351 unguem
1146 2307 1289 2350 longum
1306 2307 1513 2351 attenuatis,
1538 2307 1659 2352 calyce
1680 2307 1789 2351 triplo

82 2357 317 2400 longioribus,
353 2356 462 2399 albis3
499 2355 707 2390 staminibus
734 2355 907 2399 stylisque
933 2355 1057 2399 sepala
1089 2354 1342 2398 aequantibus,
1374 2353 1599 2396 stigmatibus
1631 2354 1788 2395 clavatis,

83 2403 230 2449 capsula
255 2403 402 2437 inclusa.
429 2422 472 2425 —
498 2402 601 2436 Folia
626 2401 826 2436 rosularum
851 2402 894 2437 iis
920 2401 1119 2436 Rannnculi
1144 2401 1301 2435 montani
1326 2401 1467 2435 similia.

224 2461 262 2502 β.
296 2460 560 2494 ladanifera
586 2460 659 2493 GR.
685 2459 814 2494 GODR.
842 2459 864 2493 l.
891 2472 938 2501 c.,
965 2460 1105 2503 glabra,
1132 2459 1284 2502 globulis
1310 2459 1475 2494 resinosis
1501 2458 1789 2503 purpurascenti-

290 2508 354 2541 bus
380 2507 568 2550 praecipue
594 2506 638 2540 ad
664 2507 748 2541 folia
772 2512 882 2549 tecta,
918 2506 1061 2541 odorem
1096 2506 1316 2540 balsameum
1341 2506 1481 2550 spirans
1514 2506 1562 2549 (S.
1595 2505 1789 2540 ladanifera

293 2553 390 2587 LAP.
416 2553 471 2587 Fl.
498 2554 581 2598 Pyr.
608 2559 632 2588 t.
658 2555 720 2588 421
748 2558 783 2588 et
809 2553 899 2588 Hist.
925 2554 1000 2588 abr.
1026 2565 1060 2597 p.
1088 2553 1205 2596 2361).

177 2611 233 2645 Ad
259 2622 364 2655 rupes
390 2611 553 2645 humidas
579 2612 764 2646 umbrosas
790 2612 943 2655 regionis
960 2611 1103 2656 alpinae
1121 2616 1157 2645 et
1174 2609 1384 2654 subalpinae
1402 2609 1598 2653 Hispaniae
1624 2609 1786 2643 oriental.

129 2659 361 2704 pyrenaicae:
389 2670 424 2692 α.
448 2658 485 2692 in
503 2657 615 2692 Catal.
640 2664 675 2693 et
692 2658 847 2701 Aragon.
875 2658 1030 2701 (Montes
1052 2657 1095 2692 de
1119 2658 1243 2701 Nuria,
1269 2657 1400 2698 SALV.,
1427 2656 1623 2697 Set-Casas,
1650 2656 1787 2698 ISERN,

129 2706 315 2749 Monseny,
340 2705 471 2747 SALV„
499 2704 634 2739 CSTA.!
661 2704 743 2739 inde
764 2715 785 2739 a
803 2705 919 2739 Nuria
946 2705 990 2739 ad
1008 2704 1182 2748 Puigmal,
1207 2705 1320 2738 forma
1344 2704 1456 2737 minor
1480 2703 1627 2743 viscosa,
1653 2702 1787 2738 CSTA.l

129 2753 165 2786 in
190 2753 318 2797 Pyren.
349 2752 441 2786 valle
480 2751 523 2785 de
554 2752 670 2795 Aram
708 2752 785 2787 Pto.
820 2751 862 2786 de
895 2752 1100 2795 Benasque,
1133 2751 1249 2793 LAR,
1279 2751 1442 2794 GREN.);
1469 2770 1513 2774 —
1547 2749 1588 2788 β.
1613 2749 1649 2783 in
1675 2749 1786 2785 Catal.

132 2799 360 2843 (Rocacorva.
387 2800 534 2836 ISERN„
559 2798 788 2833 Collsacabra
812 2804 847 2834 et
871 2799 967 2843 alibi,
994 2799 1135 2842 CSTA.).
1163 2818 1207 2823 —-
1235 2806 1271 2839 22.
1297 2797 1379 2831 Jun.
1405 2797 1496 2840 Aug.
1523 2796 1566 2840 (v.
1594 2796 1647 2840 s).

177 2857 267 2891 Hab.
293 2857 329 2891 in
354 2856 560 2902 Pyrenaeis.

180 2927 282 2960 3198.
332 2928 370 2960 S.
397 2926 657 2959 adscendens
682 2924 721 2958 L.
742 2924 826 2959 Cod.
853 2936 884 2959 n.
913 2927 1023 2959 31711
1050 2924 1123 2959 GR..
1141 2924 1269 2959 GODR.
1295 2924 1317 2957 l.
1337 2935 1365 2958 c.
1384 2935 1417 2967 p.
1436 2924 1521 2958 6471
1548 2923 1596 2967 (S.
1623 2923 1789 2967 aquatica

86 2972 185 3007 LAP.
209 2973 264 3007 Fl.
291 2972 373 3018 Pyr.
401 2978 425 3007 t.
452 2974 496 3007 28
523 2978 557 3006 et
583 2973 640 3016 29,
666 2978 701 3006 et
726 2971 820 3006 Hist.
845 2972 920 3006 abr.
945 2984 978 3016 p.
1005 2974 1090 3006 2321
1129 2971 1161 3005 S.
1188 2975 1336 3015 petraea
1361 2969 1458 3005 GOU.
1484 2969 1539 3004 Ill.
1565 2975 1589 3006 t.
1619 2971 1672 3014 18,
1698 2969 1720 3003 f.
1747 2972 1785 3005 3!

86 3019 202 3054 CSTA.
229 3019 284 3054 Fl.
309 3019 414 3056 catal.
439 3031 474 3064 p.
499 3020 565 3054 92!
592 3019 626 3055 S.
652 3018 846 3064 pyrenaica
869 3018 1107 3064 tridactylites
1130 3018 1283 3054 latifolia
1307 3017 1464 3054 TOURN.
1490 3017 1593 3062 Inst.)
1638 3016 1787 3052 Stoloni·
