1976 3314
1019 117 1114 164 128

261 242 326 281 est,
353 237 579 282 quamobrem
606 239 788 284 probabile
813 239 960 284 videtur7
987 240 1142 283 plantam
1161 239 1438 274 Colmeiroanam
1464 239 1507 274 ad
1532 239 1574 276 R.
1602 247 1782 285 petraeum
1808 239 1849 275 L.
1876 241 1910 276 in

261 286 454 330 Pyrenaeis
472 286 610 329 gallicis
628 291 843 320 crescentem
862 286 1084 320 referendum
1104 297 1193 321 esse.
1231 285 1329 327 Quae
1355 286 1491 330 species
1516 289 1664 323 racemis
1691 289 1754 323 sub
1772 288 1914 323 anthesi

260 333 401 373 erectis,
427 333 552 366 rhaclii
570 337 778 376 tomentosa‚
805 338 839 366 et
857 333 987 376 sepalis
1005 333 1133 367 erectis
1151 333 1281 367 ciliatis
1304 343 1325 366 a
1350 333 1468 376 specie
1493 335 1738 378 praecedente,
1764 338 1911 369 racemis

261 378 476 422 floribusque
502 380 655 422 magnis‚
688 379 841 414 bracteis
873 379 1055 423 brevibus,
1088 379 1207 414 baccis
1241 380 1378 422 magnis
1403 381 1540 415 acerbis
1566 391 1586 414 a
1611 381 1652 416 R.
1679 381 1799 424 alpino
1824 383 1913 415 bene

259 425 430 461 distincta
462 431 526 460 est.
697 435 701 439 ·

600 581 745 624 XXI.
818 581 970 625 Ordo
1011 581 1532 625 OPUN'I'IEARUM.

683 718 791 761 Fam.
833 718 939 762 101.
1013 718 1272 763 CACTEAE
1313 715 1438 764 DC*

335 831 493 870 Plantae
526 832 799 872 frutesccntes
834 839 900 873 aut
933 835 1246 875 arborescentes
1284 836 1487 889 aphyllae,
1528 838 1679 876 truncis
1712 837 1914 887 ramisque

219 890 683 936 carnoso—succulentis,
717 891 936 942 angulatis,
977 895 1243 944 compressis,
1277 894 1409 944 alatis,
1448 895 1646 933 interdum
1682 894 1916 944 articulatis7

219 947 399 985 articulis
434 949 680 999 compressis
715 949 1008 989 soliiformibus.
1069 951 1210 990 Aculei
1250 965 1282 990 V.
1318 957 1429 992 setae
1463 952 1685 992 fasciculati
1721 958 1786 992 aut
1817 951 1912 991 stel-

220 1004 287 1043 lati
322 1004 505 1044 foliorum
537 1005 625 1044 loco
658 1006 704 1045 ad
736 1007 904 1059 angulos
928 1021 963 1045 v.
987 1009 1192 1048 tubercula
1217 1011 1346 1049 trunci
1371 1022 1624 1050 ramorumve
1649 1011 1726 1051 siti.
1769 1010 1910 1049 Flores

216 1062 453 1113 saepissime
487 1062 654 1102 solitarii
688 1064 857 1103 sessiles
897 1078 932 1106 V.
967 1066 1144 1105 breviter
1185 1067 1362 1118 stipitati.
1427 1068 1568 1119 Sepala
1602 1068 1770 1119 plurima
1805 1072 1914 1119 peta-

215 1119 368 1169 loidea,
405 1133 494 1159 cum
528 1125 617 1159 toro
650 1134 822 1160 carnoso
856 1134 954 1161 cavo
984 1124 1224 1163 tubaeformi
1257 1126 1434 1164 ovarium
1470 1126 1697 1165 includente
1731 1130 1915 1175 connata,

214 1178 486 1228 persistentia,
521 1191 625 1217 nunc
658 1191 734 1217 non
769 1181 844 1218 nisi
881 1182 954 1219 tori
987 1182 1153 1234 margini
1189 1183 1389 1233 superiori
1424 1185 1574 1222 inserta
1608 1188 1647 1222 et
1680 1188 1773 1223 tunc
1809 1182 1912 1222 fruc—

220 1239 298 1273 tum
332 1237 577 1285 coronantia,
609 1249 713 1275 nunc
746 1236 835 1275 inde
870 1238 918 1276 ab
940 1240 1065 1277 ovarii
1099 1239 1214 1278 inferi
1249 1238 1363 1291 (tori)
1397 1241 1481 1280 basi
1517 1241 1563 1279 ad
1598 1242 1750 1292 apicem
1785 1253 1912 1292 usque

216 1291 422 1332 imbricata
456 1294 659 1344 spiraliter
691 1295 851 1333 seriata.
905 1295 1035 1334 Petala
1070 1297 1413 1348 bi-multiseriata,
1454 1299 1682 1338 exteriores
1714 1312 1733 1337 a
1764 1298 1912 1350 sepalis

217 1350 478 1390 interioribus
514 1353 578 1391 vix
619 1351 824 1402 distincta,
864 1352 1019 1392 inferne
1061 1356 1222 1405 saepius
1256 1356 1293 1394 in
1327 1356 1460 1395 tubum
1495 1361 1675 1395 connata.
1738 1357 1914 1395 Stamina

220 1419 435 1446 numerosa
480 1409 762 1460 multiseriata‚
804 1422 891 1449 cum
932 1411 1075 1461 petalis
1109 1413 1337 1464 sepalisque
1372 1415 1631 1453 interioribus
1665 1414 1750 1466 plus
1784 1414 1913 1452 minus

217 1470 430 1515 concreta,
476 1466 689 1505 {ilamentis
730 1468 944 1519 tenuibus,
989 1468 1166 1508 antheris
1209 1472 1337 1509 ovatis
1383 1471 1665 1511 bilocularibus
1716 1472 1914 1510 introrsis.

216 1522 404 1562 Ovarium
440 1523 701 1574 uniloculare,
734 1524 929 1575 placentis
955 1527 1212 1577 parictalibus
1238 1528 1536 1578 multiovulatis7
1567 1529 1695 1568 ovulis
1727 1529 1912 1568 horizon-

217 1579 360 1619 talibus
385 1583 601 1632 anatropis.
640 1582 776 1634 Stylus
801 1582 960 1635 longus,
987 1585 1240 1636 stigmatibus
1265 1585 1443 1637 plurimis
1468 1586 1698 1626 linearibus.
1742 1587 1911 1626 Fructus

217 1637 404 1677 baccatus
439 1639 551 1689 apice
584 1639 857 1690 umbilicatus,
895 1640 1012 1692 pulpa
1046 1641 1218 1694 repleta,
1251 1643 1520 1696 polysperma.
1585 1645 1745 1684 Semina
1780 1643 1911 1683 adulta

216 1696 254 1733 in
288 1695 403 1746 pulpa
436 1696 673 1747 nidulantia,
713 1697 1035 1749 exalbuminosa,
1077 1701 1354 1752 integumento
1387 1707 1556 1741 externo
1589 1702 1811 1750 snbosseo‚
1857 1702 1913 1740 in-

218 1757 331 1791 terno
366 1754 675 1793 membranaceo
709 1756 829 1805 tenui,
861 1757 1081 1809 embryone
1114 1759 1237 1808 vario,
1270 1758 1447 1798 radicula
1480 1759 1601 1799 hilum
1637 1764 1858 1811 spectante.

331 1844 538 1885 DCCXIX.
600 1845 817 1885 OPUNTIA
851 1847 997 1887 Touuu.
1029 1848 1143 1899 lust,
1179 1850 1257 1889 DC.
1286 1850 1421 1890 Prodr.
1455 1851 1515 1901 ΠΙ,
1548 1864 1584 1902 p.
1615 1849 1722 1890 471!
1770 1850 1911 1902 Sepala

218 1903 387 1955 margini
422 1904 496 1941 tori
531 1904 643 1954 apice
677 1904 952 1957 cyathiformis
986 1908 1185 1957 superiori
1226 1906 1389 1958 adnata,
1427 1909 1575 1947 extima
1616 1908 1729 1960 plana
1764 1909 1914 1959 brevia,

216 1960 352 1998 intima
398 1960 625 2011 petaloidea
669 1973 837 2001 rosacea
879 1974 1069 2013 expansa.
1145 1964 1280 2017 Stylus
1325 1978 1489 2004 crassus
1538 1966 1782 2018 cylindricus
1828 1967 1915 2005 basi

215 2015 476 2068 constrictus,
510 2019 764 2070 stigmatibus
799 2020 980 2071 plurimis
1013 2023 1164 2060 crassis
1199 2023 1360 2062 erectis.
1413 2023 1538 2062 Bacca
1572 2029 1701 2074 ovata,
1734 2025 1914 2075 episper-

215 2076 293 2114 mio
338 2088 511 2115 carnoso
557 2081 674 2115 extus
720 2077 969 2117 tuberculato
1015 2083 1055 2117 et
1098 2091 1220 2130 saepe
1264 2080 1459 2121 aculeato.
1524 2081 1697 2134 Embryo
1744 2081 1916 2133 spiraliS‚

215 2132 524 2185 cotyledonibus
564 2135 883 2186 germinantibus
924 2135 1117 2175 foliaceis.
1163 2160 1208 2164 -—
1265 2138 1445 2177 Frutices
1495 2140 1647 2178 truncis
1689 2139 1916 2191 junioribus

215 2191 416 2240 ramisque
449 2192 696 2242 compressis
730 2192 978 2242 articulatis„
1019 2194 1197 2233 articulis
1239 2196 1389 2234 crassis
1423 2196 1651 2236 aculeorum
1687 2202 1915 2236 setarumve

217 2248 433 2287 fasciculos
468 2248 609 2287 ordine
644 2250 883 2300 quit-unciali
916 2263 946 2289 s.
983 2252 1118 2303 spirali
1153 2252 1371 2303 dispositos
1406 2254 1658 2306 gerentibus.
1721 2254 1860 2293 Flores
1895 2267 1916 2292 e

220 2305 424 2344 fasciculis
459 2311 524 2345 aut
558 2308 805 2356 marginibus
839 2309 1096 2348 articulorum
1130 2311 1222 2348 nati.

261 2406 352 2441 Sect.
379 2407 411 2441 Ι.
463 2407 844 2460 Βαγρίδρίηοςαε
875 2410 945 2445 DC.
972 2411 994 2446 l.
1021 2421 1048 2446 c.
1082 2424 1114 2456 p.
1141 2413 1228 2446 473!
1283 2413 1408 2447 Aculei
1446 2413 1638 2449 uniformes
1675 2415 1807 2449 setacei
1840 2414 1918 2461 bre-

466 2464 607 2488 visfflmi.

306 2520 324 2540 ’⁸‘
351 2522 452 2554 3223.
504 2524 547 2555 Ο.
583 2524 772 2563 vulgaris
804 2525 921 2559 MILL.
955 2525 1048 2560 Dict.
1082 2527 1134 2561 ed.
1162 2528 1199 2562 S.
1233 2538 1264 2561 n.
1294 2529 1331 2571 1,
1370 2527 1473 2563 LAM.
1508 2528 1563 2562 Ill.
1595 2534 1619 2562 t.
1645 2530 1732 2563 414!
1776 2529 1918 2572 (Cactus

217 2566 372 2609 Opuntia
397 2567 450 2607 L„
478 2568 549 2602 GR.
577 2567 705 2605 GODR.
733 2570 755 2604 l.
782 2582 809 2605 c.
835 2584 868 2615 p.
895 2573 978 2607 632!
1008 2572 1078 2607 Do.
1106 2574 1152 2608 Ic.
1179 2574 1225 2617 pl.
1252 2584 1362 2616 grass.
1391 2580 1413 2608 t.
1445 2576 1532 2618 138).
1571 2574 1917 2619 Diffuso-prostrata,

215 2612 359 2648 dumeta
383 2614 568 2659 intricata,
601 2616 703 2649 3—8‘
730 2617 803 2650 alta
827 2618 998 2659 formans,
1035 2620 1195 2654 articulis
1221 2621 1357 2663 magnis
1381 2622 1492 2655 oratis
1517 2621 1739 2664 oblongisve,
1771 2620 1918 2655 floribus

216 2660 350 2701 magnis
377 2661 522 2703 (corolla
548 2672 707 2706 expansa
735 2662 826 2706 l¹l2¹¹
850 2664 971 2709 diam.)
1003 2664 1119 2711 flavis,
1154 2666 1325 2701 fructibus
1351 2667 1503 2702 ovoideis
1532 2668 1691 2711 l—l¹s2“
1716 2668 1737 2701 l.
1764 2668 1918 2702 rubenti-

217 2707 291 2748 bus,
322 2707 513 2742 esculentis
539 2708 712 2743 dulcibus.

308 2763 347 2796 In
374 2764 538 2799 America
565 2767 838 2809 septentrionali
863 2769 1002 2812 tropica
1036 2768 1200 2811 indigena
1231 2781 1322 2803 nunc
1355 2771 1389 2804 in
1420 2771 1562 2813 regione
1588 2770 1754 2804 inferiore
1780 2776 1816 2804 et
1840 2772 1919 2805 sub—

262 2816 366 2844 mont.
395 2811 586 2855 Hispaniae
615 2813 797 2850 oriental..
833 2815 996 2855 anstrat,
1031 2821 1066 2849 et
1090 2816 1216 2860 occid.⁷
1253 2817 1448 2860 ubicunque
1474 2817 1569 2851 culta
1595 2823 1630 2851 et
1655 2817 1918 2860 subspontanea

260 2855 355 2890 facta
381 2864 445 2891 est.
480 2857 643 2893 Occurrit
669 2859 774 2894 etiam
800 2861 833 2894 in
860 2861 1033 2905 Hispania
1058 2862 1237 2896 interiore.
1279 2863 1329 2899 Cf.
1355 2870 1437 2898 tom.
1464 2863 1491 2906 Ι,
1516 2876 1548 2907 p.
1578 2865 1654 2899 157.
1676 2883 1716 2887 —-
1747 2864 1788 2906 ὴ.
1816 2864 1913 2908 Majo

285 2980 300 2996 *
320 2981 448 3006 Auctore
469 2983 665 3008 WiLLKuMM.
