1976 3314
946 165 1042 213 270

197 288 300 323 Moro
326 300 377 333 pr.
404 289 580 333 Gramda,
606 288 720 323 LGE.l
747 288 782 322 in
799 299 884 332 agro
897 288 1068 332 Malacit.,
1093 289 1233 323 PROL.!
1260 289 1362 332 Bss..
1384 289 1507 334 WBB.‚
1535 289 1634 334 WK.‚
1660 289 1836 333 c.Motril,

195 335 312 370 Sierra
338 335 472 380 Tejeda
496 335 539 370 ad
564 335 624 371 alt.
650 336 753 369 4000‘
784 345 904 379 usque,
931 335 1042 379 BSS.).
1070 355 1112 360 --
1142 339 1194 377 O.
1220 335 1319 380 Apin,
1344 335 1442 380 Majo
1468 337 1509 380 (v.
1535 337 1591 380 v.).

242 393 334 429 Hab.
359 393 395 426 in
420 393 513 427 omni
537 403 625 427 zona
650 392 919 428 mediterranea.

243 473 347 506 3552.
396 475 444 506 A.
472 475 692 513 asper-ulus
716 472 814 507 DUF.
840 483 896 517 ap.
923 472 1068 507 STEUD.
1093 471 1314 507 Nomenclat.
1341 472 1394 506 ed.
1412 472 1467 517 113
1494 472 1639 507 LANGE
1658 472 1718 506 l.c.
1736 477 1760 507 t.
1779 472 1841 516 IV,

148 518 170 552 f.
199 521 238 554 1!
273 518 329 563 (A.
356 518 617 564 epiglottioides
644 519 801 553 WILLK.
828 519 863 552 in
888 519 965 553 Bot.
992 519 1081 553 Zeit.
1111 520 1212 563 1845,
1238 531 1271 563 p.
1298 519 1383 553 4281
1417 520 1459 553 A.
1486 518 1681 564 Epiglottis
1708 522 1743 558 β.
1769 518 1843 552 lon-

148 565 249 610 gipes
274 565 372 599 LGE.
407 566 493 608 Pug.
529 578 563 609 p.
589 567 676 600 374!
726 567 769 600 A.
796 565 1024 610 Pyramidula
1050 565 1196 599 SALZM.
1234 565 1270 599 in
1308 565 1365 599 hb.
1392 565 1526 599 FISOH.
1563 570 1653 600 teste
1678 565 1841 607 BUNGE3

148 611 191 645 A.
216 611 444 656 Hypoglottis
468 611 559 656 L.‘.>).
598 611 726 646 Differt
749 622 770 646 a
795 611 970 656 praeced,
992 622 1140 655 quocum
1157 611 1369 653 indumento,
1396 611 1576 646 crescendi
1601 611 1712 655 modo⁷
1738 611 1842 655 foliis,

148 658 360 701 leguminum
386 660 624 701 seminumque
648 658 760 693 forma
785 659 924 692 omnino
950 659 1120 702 congruit,
1144 657 1290 692 floribus
1315 658 1480 702 spinatis,
1515 658 1621 702 spicis
1648 657 1844 702 pedunculo

146 705 268 739 folium
294 715 399 748 saepe
424 705 527 747 longe
553 710 754 749 superante,
783 705 937 747 1—-3“l.,
964 704 1125 749 suffultis,
1152 704 1386 747 leguminibus
1411 705 1526 738 8—12
1552 704 1658 739 dense
1683 704 1844 738 imbrica-

148 751 205 795 tis,
231 751 362 795 spicam
387 750 616 792 cylindricam
642 756 826 794 angustam
853 751 1004 795 (¹l2-l“
1023 751 1060 794 l.)
1086 750 1330 791 formantibus,
1356 751 1498 795 saepius
1523 762 1590 785 non
1615 751 1682 785 nisi
1707 750 1841 794 disper-

147 798 224 841 mis,
249 797 375 832 vexillo
398 802 516 832 retuso
541 807 653 840 neque
679 798 905 840 emarginato.
954 796 1082 831 Caules
1121 796 1325 843 filiformes‚
1358 797 1546 842 prostrati,
1582 797 1627 831 ad
1658 797 1700 830 6¹¹
1734 807 1844 840 usque

147 843 251 887 longi.
301 843 465 878 Ceterum
489 845 534 879 ab
558 844 601 878 A.
628 843 840 888 Epiglottidi
866 843 1030 887 specifice
1053 844 1109 878 vix
1135 843 1261 878 differt.
1286 857 1291 862 ’

241 913 281 946 111
306 912 454 947 collibus
479 912 588 947 aridis
613 913 768 956 regionis
795 913 951 947 inferior.
978 917 1012 947 et
1030 913 1249 948 submontan.
1264 912 1362 956 regni
1380 911 1525 946 Granat.
1543 912 1676 956 passim
1695 911 1743 956 (in
1761 921 1844 954 agro

195 959 422 1001 Malacitano⁷
447 959 605 1004 SALZM„
630 959 771 994 PROL.!
803 959 1025 994 WINKLER!
1065 960 1099 993 in
1125 959 1213 994 colle
1239 958 1326 993 Silla
1351 958 1408 993 del
1432 959 1533 994 Moro
1560 970 1613 1003 pr.
1639 957 1844 1001 Granatam⁷

195 1005 283 1040 FR!
316 1006 435 1040 Sierra
469 1005 511 1040 de
537 1005 680 1050 Elvira⁷
714 1006 830 1050 LGE.,
861 1017 912 1051 pr.
944 1006 1057 1046 Baza,
1089 1006 1264 1040 BOURG.!
1300 1006 1361 1051 [pl.
1387 1015 1460 1040 exs.
1487 1016 1521 1039 n.
1550 1006 1639 1039 1139
1665 1005 1728 1040 sub
1753 1014 1843 1039 nom.

195 1053 237 1087 A.
263 1051 522 1097 Epiglottidis]‚
548 1052 584 1086 in
608 1052 784 1097 Hispania
808 1052 883 1088 loco
908 1063 976 1087 non
1000 1051 1115 1097 indic„
1142 1052 1268 1096 ΒΗΚ).
1294 1072 1337 1077 -—-
1366 1056 1418 1093 G).
1442 1051 1543 1096 Majo
1570 1053 1611 1093 (V.
1639 1052 1693 1095 s.).

243 1120 420 1156 Observ.
469 1121 519 1156 Cl.
546 1121 692 1156 LANGE
731 1122 767 1156 in
793 1122 961 1167 opusculo
987 1121 1029 1156 de
1055 1122 1257 1167 synonymis
1291 1123 1486 1167 specierum
1521 1120 1751 1165 quarumdam
1775 1120 1846 1155 Da-

196 1167 274 1202 niae
300 1168 444 1211 (Bidrag
468 1168 508 1202 til
534 1168 794 1213 Synonymiken
832 1168 885 1203 for
917 1169 1020 1211 nogle
1044 1169 1195 1203 kritiske
1221 1170 1328 1203 Arter
1352 1169 1405 1202 fra
1431 1168 1632 1202 Danmarks
1658 1179 1701 1210 og
1726 1167 1844 1201 Nabo—

195 1213 364 1248 landener
377 1214 536 1259 Floraer⁷
562 1215 806 1260 Kjobenhavn,
833 1216 937 1259 1873)
964 1215 1006 1249 de
1031 1215 1274 1259 Astragalo
1300 1214 1621 1260 Hypoglottide
1646 1214 1688 1248 L.
1707 1224 1844 1257 quoque

195 1265 352 1295 tractans
383 1260 426 1294 A.
452 1261 655 1304 asperulum
688 1261 732 1295 ad
766 1263 919 1306 speciem
953 1261 1050 1296 illam
1084 1261 1324 1296 Linnaeanam
1357 1272 1502 1307 prorsus
1534 1261 1708 1305 ignotam,
1742 1271 1845 1304 quam

196 1307 375 1341 Linnaeus
400 1317 444 1341 ex
469 1307 643 1352 Hispania
667 1309 816 1353 accepit,
842 1308 994 1343 fortasse
1020 1308 1243 1342 referendum
1268 1318 1345 1343 esse
1371 1313 1500 1343 censet.
1549 1307 1597 1342 Et
1622 1317 1744 1341 revera
1769 1306 1846 1341 des-

196 1353 322 1397 criptio
348 1353 554 1388 brevissima
580 1354 787 1389 Linnaeana
812 1360 954 1390 nostrae
979 1355 1122 1398 plantae
1148 1354 1243 1389 haud
1269 1355 1360 1389 male
1387 1354 1545 1389 convenit
1562 1353 1621 1399 (cf.
1641 1353 1723 1388 Cod.
1741 1353 1844 1387 Linn.

196 1411 227 1433 n.
255 1400 371 1443 5596).
420 1399 488 1434 Sed
514 1401 671 1444 capitula
698 1411 719 1435 a
745 1401 903 1435 Linnaeo
938 1401 1083 1444 globosa
1116 1406 1151 1436 et
1174 1400 1281 1435 flores
1307 1406 1604 1446 purpurascentes
1636 1413 1665 1434 v.
1692 1399 1845 1434 coerulei

195 1445 370 1490 dicuntur,
396 1447 621 1490 quamobrem
648 1447 693 1481 A.
719 1448 922 1492 asperulum
948 1448 991 1481 ad
1017 1447 1060 1481 A.
1085 1447 1372 1492 Hypoglottidem
1399 1447 1526 1482 (lucere
1551 1447 1667 1481 adhuc
1693 1446 1844 1481 haesito.

197 1492 297 1526 Hanc
321 1503 402 1526 vero
428 1493 581 1537 speciem
608 1493 651 1527 ab
676 1493 719 1527 A.
747 1494 872 1528 danico
897 1494 1017 1528 RETZ.
1045 1494 1100 1538 (A.
1119 1495 1346 1539 Hypoglottis
1364 1494 1434 1528 DC.
1461 1494 1676 1537 aliorumque
1701 1497 1846 1531 auctor..

196 1551 226 1572 v.
253 1549 282 1574 c.
309 1538 436 1573 GREN.
463 1538 592 1573 GODR.
618 1540 640 1573 l.
666 1551 695 1574 c.
722 1551 754 1583 p.
781 1541 865 1584 441)
892 1551 1041 1584 quacum
1067 1541 1108 1575 cl.
1127 1541 1270 1575 BUNGE
1298 1546 1333 1575 et
1349 1541 1540 1575 BOISSIER
1565 1551 1642 1574 eam
1659 1549 1847 1584 perperam

196 1585 461 1665 conjupxerunt,
485 1591 558 1621 toto
583 1586 680 1621 coelo
704 1586 908 1631 abhorrere,
934 1587 1065 1631 optime
1091 1587 1343 1622 demonstravit
1359 1587 1510 1622 amiciss.
1529 1586 1676 1621 LANGE
1693 1586 1729 1620 in
1746 1596 1849 1630 opus-

198 1632 275 1667 culo
314 1632 454 1667 audato.

271 1724 446 1776 Subgen.
480 1724 523 1762 ΙΙ.
586 1723 928 1764 TRIMENIAEUS
977 1725 1068 1764 BGE.
1107 1725 1130 1763 l.
1163 1738 1195 1764 c.
1228 1725 1263 1775 l,
1302 1737 1337 1776 p.
1372 1722 1418 1765 6!
1461 1725 1531 1777 (ex
1563 1723 1628 1776 p.).
1689 1723 1847 1762 Herbae

157 1781 346 1832 parvulae
381 1793 535 1821 annuae
568 1795 603 1822 ν.
638 1782 807 1821 biennes
840 1783 931 1834 pilis
965 1782 1212 1834 simplicibus
1245 1783 1481 1834 saepissime
1507 1782 1589 1821 basi
1612 1781 1702 1820 fixis
1726 1781 1847 1820 vesti-

154 1843 233 1889 tae,
267 1837 373 1877 foliis
406 1839 758 1890 impari—pinnatis,
794 1839 951 1891 stipulis
985 1840 1091 1879 inter
1123 1852 1168 1879 se
1200 1840 1338 1879 liberis
1371 1840 1502 1878 rarius
1526 1840 1719 1878 connatis.
1762 1837 1847 1877 Flo-

93 1930 102 1937 .
152 1907 220 1935 res
260 1896 417 1945 minuti,
456 1896 692 1947 plerumque
733 1896 858 1936 dense
903 1897 1085 1948 capitati,
1127 1898 1257 1936 rarius
1291 1897 1535 1936 subsolitarii
1569 1910 1603 1937 V.
1638 1896 1849 1946 racemosi,

152 1952 295 2004 petalis
328 1952 531 2004 deciduis,
573 1954 812 2005 saepissime
846 1954 1100 1994 ochroleucis
1132 1966 1224 1993 raro
1257 1954 1655 2006 purpurascenlibus.
1716 1953 1846 2006 Legu-

153 2023 242 2050 men
275 2010 397 2050 breve
432 2011 502 2050 sed
536 2011 672 2063 calyce
711 2012 885 2064 longius,
915 2011 1148 2062 biloculare,
1179 2010 1377 2051 interdum
1412 2010 1706 2052 indeshiscens.

649 2135 792 2171 Clavis
827 2147 873 2181 sp
886 2136 1077 2171 ecierum
1111 2135 1347 2181 analytica.

232 2216 253 2239 Ι.
291 2214 348 2239 Pili
369 2215 531 2239 indumenti
551 2222 642 2246 supra
660 2217 743 2241 basin
764 2216 852 2246 affixi,
874 2217 951 2241 infra
970 2217 1158 2241 insertionem
1182 2218 1291 2241 obtusi.

291 2248 424 2281 Stipulae
446 2252 595 2274 connatae.
634 2251 751 2276 Racemi
772 2252 858 2282 longe
878 2251 1068 2282 pedunculati
1089 2251 1167 2282 (sect.
1189 2252 1293 2275 Edodi-

290 2291 353 2308 mus
373 2283 462 2315 BGE.)
495 2302 778 2310 .......
816 2299 818 2301 v
819 2303 1287 2310 ...........
1326 2284 1364 2309 Α.
1387 2286 1634 2310 castellanus
1654 2285 1730 2309 BGE.

222 2330 253 2336 —-
290 2318 349 2342 Pili
369 2319 433 2342 basi
452 2317 512 2342 fixi.
544 2319 645 2344 Flores
665 2320 833 2351 saepissime
854 2320 940 2345 dense
962 2321 1092 2351 capitati,
1113 2321 1207 2344 rarius
1227 2322 1293 2345 laxe

289 2353 431 2377 racemosi
461 2360 489 2377 v.
519 2354 712 2379 subsolitarii.
751 2355 857 2380 carina
889 2355 943 2379 alis
978 2355 1104 2379 brevior.
1143 2355 1291 2386 Legumen

292 2387 375 2411 dorso
396 2388 548 2412 sulcatum.
587 2390 612 2413 Q.

226 2421 252 2447 2.
290 2421 391 2446 Flores
412 2423 441 2445 et>
459 2422 570 2446 fructus
591 2423 710 2454 capitati
730 2425 780 2447 aut
800 2423 1118 2454 verticillato-capitati‚
1140 2430 1205 2448 raro
1226 2424 1291 2448 sub-

289 2456 425 2480 solitarii.
463 2455 597 2488 Stipulae
617 2458 693 2482 inter
711 2464 742 2482 se
762 2458 883 2482 liberae.
921 2457 947 2482 3.

291 2490 392 2514 Flores
414 2492 442 2514 et
461 2491 572 2515 fruetus
594 2493 657 2516 laxe
678 2493 826 2522 racemosi,
851 2493 971 2517 racemis
992 2492 1205 2523 pedunculatis.
1244 2491 1270 2516 8.

291 2524 392 2549 Flores
408 2525 586 2556 albicantes,
618 2526 784 2550 ochroleuei
803 2534 831 2550 v.
853 2528 1090 2553 coerulescentes.
1129 2526 1292 2557 Legumina

292 2560 389 2625 ssevip
426 2567 453 2618 Σ.
492 2561 783 2585 reticulato-nervosa
821 2568 849 2585 v.
882 2568 989 2592 rugosa
1025 2561 1092 2593 (sec.
1126 2560 1292 2592 Oxyglottis

320 2596 367 2618 GE.
387 2612 392 2618 .
452 2612 457 2618 .

292 2628 393 2652 Flores
419 2630 676 2660 purpurascentes.
715 2629 878 2660 Legumina
901 2630 1091 2661 cartilaginea
1118 2637 1213 2654 crassa
1242 2630 1294 2654 cri-

292 2664 526 2688 stato-lamellata
546 2663 625 2695 (sect.
647 2664 841 2694 Pentaglottis
861 2664 949 2695 BGE.)
1003 2682 1285 2689 .......
1323 2664 1359 2688 Α.
1381 2664 1454 2688 Pen
1467 2663 1655 2695 taglottis
1678 2661 1712 2686 L.

292 2697 429 2728 Capitula
452 2698 636 2729 νει-1161116111,
659 2699 838 2729 longiuscule
858 2698 1063 2729 peduncuIata,
1101 2698 1127 2722 5.

296 2731 433 2762 Capitula
457 2732 617 2756 multiflora
644 2733 673 2756 in
699 2733 837 2756 foliorum
863 2733 959 2757 axillis
989 2734 1099 2758 sessilis.
1127 2735 1178 2757 aut
1196 2734 1293 2764 spicae

295 2767 393 2796 pauci·
414 2766 512 2798 (1-—3-)
533 2767 631 2797 florae,
652 2767 864 2798 pedunculatae
884 2774 912 2790 v.
933 2768 1112 2792 subsessiles.
1150 2769 1175 2793 6.

296 2800 458 2831 Legumina
477 2801 579 2825 adulta
597 2802 737 2826 stellatim
756 2801 906 2832 disposita.
932 2801 1079 2827 Vexillum
1093 2804 1188 2832 calyce
1204 2803 1293 2833 triplo

293 2835 407 2865 longius
455 2853 1292 2862 ...................
1330 2835 1366 2860 A.
1389 2835 1600 2860 cruciatus
1620 2834 1675 2858 LK.

292 2868 454 2899 Legumina
486 2870 585 2894 adulta
617 2870 800 2902 divergentia
832 2870 883 2894 sed
915 2877 972 2894 non
1004 2872 1138 2902 stellata,
1177 2872 1295 2902 Juniora

295 2904 601 2929 erecto-conniventia.
639 2904 789 2930 Vexillum
809 2906 904 2934 calyce
924 2905 1013 2935 duplo
1034 2906 1146 2936 longius
1193 2925 1198 2930 .
1238 2924 1244 2930 .
1285 2924 1291 2930 .
1329 2904 1366 2929 A.
1387 2904 1518 2929 Stella
1538 2902 1614 2928 GOU.

296 2936 458 2967 Legumina
477 2939 579 2963 brevia
593 2939 767 2965 reetiuscula
787 2946 815 2963 v.
836 2942 964 2969 arcuata,
985 2941 1051 2970 plus
1070 2941 1165 2964 minus
1185 2941 1293 2970 inflata,

295 2972 375 3001 apice
395 2976 556 2997 recurvata.
597 2974 620 3000 7.

297 3005 459 3035 Legumina
480 3008 621 3046 elongata,
643 3014 814 3040 compressa,
835 3014 891 3032 non
913 3008 1021 3038 inflata,
1043 3010 1290 3033 arcuato-falcata.

295 3039 395 3065 Flores
414 3042 510 3071 pauci-
532 3043 565 3066 v.‘
579 3043 761 3067 subsolitnrii
823 3060 1290 3067 ...........
1328 3041 1364 3066 A.
1385 3049 1398 3065 s
1410 3049 1422 3065 c
1433 3048 1447 3064 0
1460 3048 1472 3065 r
1482 3048 1499 3071 p
1513 3041 1546 3064 io
1559 3041 1566 3064 i
1579 3040 1595 3064 (1
1606 3047 1641 3064 cs
1662 3039 1781 3064 POURR.

228 2523 253 2549 90
224 2502 253 2507 l

223 2641 261 3023 {eleb-*l
