1976 3314
934 160 1030 205 982

139 290 223 333 Pag.
242 289 321 329 931,
346 287 405 323 lin.
431 288 452 320 8
483 286 526 320 ab
552 285 613 319 inf.
660 284 809 326 oblonga
830 282 908 326 lege
932 281 1110 325 oblongo·.

171 350 186 366 »
238 336 318 376 931,

174 628 188 644 »
240 613 317 657 932,
361 626 375 642 »

175 720 190 736 »
242 707 321 750 932,

175 767 190 783 »
241 753 321 796 932,
365 765 380 782 >>

171 813 186 830 »
238 800 318 838 933,

177 906 192 923 »
244 893 323 938 937,

180 1045 194 1061 »
245 1032 326 1069 938,
370 1045 384 1061 ›>

180 1092 193 1109 >›
245 1079 325 1122 938,

183 1138 198 1154 »
251 1126 329 1169 938,

181 1231 195 1248 >>
247 1219 326 1262 939,

179 1324 194 1340 »
247 1311 324 1354 941,

179 1371 195 1387 »
246 1358 324 1402 943,

183 1465 198 1481 »
249 1452 328 1498 943,

444 344 478 367 11.
503 333 605 367 4990.
655 333 703 365 R.
729 333 856 364 Aleae
881 328 970 362 WK.
989 338 1061 362 var.
1080 327 1116 368 β.
1140 327 1177 360 in
1202 326 1383 370 Aragonia
1400 329 1549 364 australi
1574 329 1701 372 (forma
1725 329 1838 373 magis

654 377 810 422 villosa):
848 376 885 410 in
921 374 1097 409 montibus
1129 385 1182 418 pr.
1207 374 1421 409 Albarracin
1447 383 1481 410 et
1506 376 1543 410 in
1568 375 1687 411 Sierra
1712 376 1839 411 Albar-

654 425 762 468 mein,
788 423 925 458 videtur
949 421 1113 465 frequens
1139 420 1359 456 ZAPATER!
1383 431 1454 456 var.
1474 421 1512 462 β.
1537 427 1572 458 et
1589 436 1640 466 γ.;
1668 423 1703 457 in
1721 422 1838 458 Sierra

640 469 803 513 {Nevada
828 470 872 504 ad
898 468 1028 503 rivulos
1051 468 1198 512 (formae
1215 468 1494 510 glabrescentes:
1529 470 1730 514 Monachil,
1755 470 1840 505 Bor-

655 517 770 561 reguil
807 516 849 550 de
882 515 983 550 Dilar
1007 514 1194 559 6-9000‘,
1219 514 1366 549 HUTER
1396 521 1431 550 et
1455 515 1638 561 Pomm).
1688 517 1745 551 An
1779 517 1836 551 hic

654 564 698 599 R.
722 564 943 598 bulbosus
968 562 1099 597 BOISS.
1125 561 1237 606 Voy.‘?

426 612 467 645 14
485 616 518 646 et
545 611 587 645 15
612 621 632 645 a
658 623 753 655 sup.;
778 610 839 644 lin.
865 611 921 650 23,
948 611 992 643 22
1018 615 1053 644 et
1080 609 1122 642 19
1149 609 1193 642 ab
1220 608 1281 644 inf.
1313 608 1463 645 addatur
1499 614 1579 654 post
1606 611 1776 646 »BOISS.<1
1805 616 1840 646 et

655 662 735 703 post
763 657 960 691 »BOURG.«
989 656 1127 700 signum
1152 658 1158 690 !

365 719 379 735 »
426 706 467 739 13
492 705 537 739 ab
562 704 621 739 inf.
656 704 828 740 subuletis
853 703 931 746 lege
957 703 1138 738 sabuletis.

447 753 469 785 8
504 765 519 781 >>
582 765 597 781 »
656 753 749 786 Aust
774 750 851 793 lege
876 751 976 785 Autt.

445 809 477 832 n.
503 799 605 833 4994.
653 801 701 832 R.
740 808 893 839 repens
935 797 976 833 L.
1044 795 1085 830 In
1128 795 1308 838 Aragonia
1347 795 1496 830 australi
1535 807 1589 841 pr.
1631 796 1842 833 Albarracin

660 843 918 887 (ZAPATERO.

450 902 482 926 n.
507 892 610 926 5002.
658 895 706 926 R.
733 893 942 926 demissus
967 890 1039 924 DC.
1065 902 1096 923 v.
1122 889 1336 934 Hispanicus
1361 888 1446 922 BSS.
1495 887 1613 924 Sierra
1629 890 1774 925 Nevada
1798 891 1843 925 ad

658 940 831 973 7—8000‘
858 938 1023 982 (HUTER
1048 943 1083 971 et
1104 937 1288 982 PORTAl)
1315 940 1350 970 et
1374 935 1409 969 in
1436 935 1554 971 Sierra
1572 936 1707 982 Tejeda
1731 938 1843 973 latere

661 990 831 1032 septentr.
859 984 904 1020 ad
931 986 1034 1018 5500‘
1061 983 1223 1027 (HUTER
1246 989 1281 1018 et
1304 983 1479 1028 PORTA!)

452 1032 473 1066 6
497 1042 518 1066 a
544 1043 619 1077 sup.
660 1033 864 1069 brevissime
889 1032 966 1075 lege
991 1031 1207 1066 brevissimo.

372 1091 386 1108 »
431 1079 475 1112 28
505 1092 519 1109 >>
574 1093 589 1109 >>
662 1085 731 1115 vet.
755 1079 833 1123 lege
858 1079 919 1113 alt.

445 1137 478 1159 11.
504 1127 605 1160 5004.
655 1128 896 1162 RSteveni.
915 1126 955 1159 In
968 1124 1146 1168 Aragonia
1159 1128 1268 1159 austr.
1287 1123 1351 1167 (pr.
1364 1122 1589 1165 Albarracin,
1602 1123 1846 1170 ZAPATERU,

663 1174 700 1207 in
724 1174 844 1208 Sierra
869 1171 1015 1207 Nevada
1040 1171 1199 1215 (Dehesa
1224 1171 1266 1205 de
1291 1169 1325 1205 S.
1350 1169 1538 1206 Geronimo
1563 1171 1766 1216 (HUTER!).

453 1230 484 1253 n.
512 1220 614 1253 5006.
660 1221 920 1310 ξοῖἒῑξῖῧϋυε
945 1219 1064 1253 DSFT.
1091 1218 1135 1253 ad
1160 1218 1274 1253 fossas
1299 1228 1409 1262 prope
1434 1217 1578 1261 Malaga
1615 1218 1775 1262 (HUTER
1813 1222 1847 1252 et

371 1325 386 1341 »
429 1312 474 1347 26
508 1322 529 1347 a
556 1323 631 1357 sup.
661 1314 723 1348 XI.
750 1314 827 1357 lege
852 1312 896 1346 X.

451 1371 483 1394 n.
510 1360 612 1393 5012.
661 1363 827 1395 Ficaria
867 1359 1195 1394 ranunculoides
1242 1358 1377 1392 MNOH.
1439 1357 1481 1391 In
1518 1357 1700 1401 Aragonia
1738 1361 1849 1392 austr.

660 1406 899 1450 (Albarracin,
922 1405 1165 1449 ZAPATER!).

455 1464 489 1488 n.
515 1453 617 1489 5013.
666 1457 710 1489 F.
736 1455 1016 1496 grandifiorae
1041 1451 1191 1486 addatur
1217 1462 1288 1487 var.
1314 1461 1416 1486 nova:

710 1503 749 1543 β.
777 1504 965 1536 crenata
989 1499 1146 1542 FREYN,
1172 1498 1268 1533 foliis
1293 1498 1423 1533 teneris
1449 1497 1674 1532 circumcirca
1690 1497 1848 1541 margine

667 1558 788 1591 grosse
803 1547 955 1582 crenatis
967 1545 1172 1581 sublobatis.
1199 1545 1239 1578 In
1256 1555 1366 1589 regno
1384 1544 1531 1579 Granat.
1552 1544 1686 1589 (Sierra
1703 1543 1849 1588 cheda,

665 1595 701 1628 in
724 1594 837 1629 latere
864 1598 1031 1639 septentr.
1058 1592 1103 1627 ad
1130 1593 1302 1626 4—-5000¹
1329 1592 1411 1637 (leg.
1429 1591 1576 1626 HUTER
1601 1596 1636 1627 et
1661 1591 1848 1635 ΡΟΒΤΑΙ).
