1976 3314
893 119 993 163 [118AE

144 241 263 276 folium
300 252 403 276 nervo
438 240 550 275 medio
584 240 699 275 valido
732 240 942 274 instructum
977 242 1047 281 est,
1084 247 1102 271 e
1136 247 1203 279 quo
1238 237 1468 281 egrediuntur
1498 238 1661 282 utrinque
1685 237 1720 272 in
1746 237 1792 272 R.

145 288 271 322 oleoidi
296 288 391 323 nervi
419 299 444 322 s.
462 297 570 322 venae
596 288 685 321 4—7
711 286 811 321 valde
836 285 972 319 arcuati
996 283 1041 318 ad
1065 283 1261 325 marginem
1286 283 1359 318 fere
1385 295 1496 328 usque
1521 285 1659 320 extensi
1683 289 1794 328 atque

144 335 235 369 inter
259 346 296 369 se
320 335 420 369 valde
445 334 961 373 reticulato-anastomosantes,
987 332 1021 364 in
1046 329 1088 365 R.
1107 329 1248 374 lycioidi
1267 341 1349 365 vero
1377 332 1520 366 nervis.
1538 342 1645 366 venae
1663 331 1795 376 plures,

144 381 309 423 angulum
337 381 408 415 fore
435 387 568 415 rectum
595 392 671 414 cuni
698 390 801 413 nervo
826 378 940 412 medio
965 377 1135 410 facientes
1161 380 1196 411 et
1220 378 1307 412 satis
1331 377 1434 421 longe
1458 384 1541 413 ante
1566 378 1641 413 folii
1664 377 1795 421 margi-

146 438 222 461 nem
258 427 653 468 arcuato-confluentes,
691 436 834 459 nervum
866 423 968 468 quasi
1002 422 1294 466 longitudinalem
1317 425 1467 468 margini
1491 425 1702 470 parallelum
1727 424 1795 459 for-

144 479 279 509 mantes
315 479 348 508 ct
383 475 495 508 minus
527 474 617 507 inter
642 483 678 508 se
704 474 1017 506 anastomosantes.
1061 489 1097 493 —
1139 469 1185 504 R.
1211 470 1395 505 velutinus
1417 471 1503 506 BSS.
1528 482 1550 507 a
1574 471 1617 507 R.
1643 471 1794 517 lycioide

144 521 199 554 vix
226 520 344 555 differt
368 520 436 555 nisi
460 519 664 554 indumento
690 518 854 553 velutino.

157 611 206 653 ††
241 611 382 656 Species
406 610 504 654 foliis
529 609 804 647 membranaceis
829 607 1037 649 crenulatis,
1064 606 1234 648 deciduis,
1260 609 1482 644 ramulorum
1505 610 1724 645 novellorum

514 656 690 700 oppositis
715 659 780 690 aut
804 654 1061 698 saboppositis,
1086 664 1173 689 raro
1198 654 1361 691 alternis.

185 727 287 760 4018.
336 727 382 759 R.
418 727 608 758 saxatilis
643 723 683 758 L.
719 724 801 758 Cod.
833 735 866 757 n.
894 725 1000 759 1553!
1043 722 1114 758 GR.
1140 723 1270 759 GODR.
1297 724 1320 758 1.
1345 735 1374 759 c.
1400 736 1433 769 p.
1461 726 1545 760 335!
1589 724 1706 764 JCQU.
1733 725 1789 760 Fl.

94 773 214 806 Austr.
241 779 263 806 t.
291 772 350 806 53!
400 771 566 810 Humilis,
604 776 722 804 erecta
747 783 776 804 v.
803 770 939 811 diffusa,
965 770 1228 815 ramosissima,
1263 771 1372 806 ramis
1397 771 1527 816 patulis
1560 772 1734 817 oppositis
1759 783 1790 807 v.

94 818 339 862 suboppositis,
365 818 516 861 foliosis;
542 817 634 851 foliis
659 818 787 861 parvis,
813 817 983 861 obovatis,
1010 817 1381 860 ovalibus,-0bovato-
1406 830 1435 854 v.
1462 818 1790 862 ovali-lanceolatis,

92 865 126 898 in
151 865 317 908 petiolum
343 864 480 897 brevem
506 863 709 902 attenuatis.
736 864 905 908 adpresse
931 864 1135 906 crenulatis,
1162 864 1278 900 crenis
1296 865 1549 908 eglandulosis‚
1576 864 1789 909 subglabris,

91 911 211 946 subtus
237 909 369 955 pallide
394 910 594 953 viremibus,
622 910 735 945 nervis
762 910 978 945 secundariis
1005 910 1170 955 utrinque
1197 913 1288 945 3-4
1313 911 1477 953 curvatis,
1503 911 1595 946 inter
1619 922 1678 947 eos
1705 911 1789 946 reti-

91 956 370 1000 culato-venosis,
398 956 536 1000 stipulis
561 957 791 1001 capillaribus
817 957 986 1001 petiolum
1006 958 1256 1002 aequantibus3
1282 957 1430 994 floribus
1448 958 1581 1001 glabris
1599 957 1789 994 flavescen—

91 1005 194 1045 tibus,
221 1002 426 1048 pedunculis
451 1002 570 1047 calyce
597 1003 899 1047 sublongioribus,
926 1004 1017 1039 lobis
1046 1005 1156 1049 calyc.
1182 1005 1391 1040 lanceolatis
1414 1006 1499 1041 tubo
1525 1005 1692 1040 obconico
1715 1005 1790 1040 lon-

90 1050 262 1095 gioribus,
298 1049 426 1094 petalis
452 1049 710 1092 angustissimis
738 1051 869 1096 calycis
895 1051 986 1086 lobis
1011 1051 1249 1097 brevioribus;
1288 1051 1411 1097 drupis
1437 1051 1788 1097 depresso-globosis,

90 1096 158 1141 pisi
192 1096 452 1140 magnitudine,
489 1097 637 1131 maturis
670 1097 780 1140 nigris
813 1097 951 1142 nitidis,
991 1098 1184 1134 seminibus
1209 1098 1363 1134 ovoideis
1389 1099 1494 1143 rufis,
1533 1099 1630 1134 sulco
1655 1098 1789 1134 dorsali

89 1143 188 1178 valde
221 1148 353 1187 aperto.
390 1162 429 1166 —
465 1142 669 1179 Fruticulus
699 1143 1006 1189 1¹J2—3-pedalis.
1054 1144 1159 1181 Folia
1190 1156 1269 1180 cum
1301 1145 1434 1191 petiolo
1461 1145 1599 1191 ¹s2-l“
1623 1145 1730 1190 longa
1753 1150 1789 1181 et

88 1190 214 1223 4—6“¹
239 1190 322 1224 lata.

180 1247 221 1280 In
252 1247 336 1282 locis
370 1248 591 1292 rupestribus
625 1258 772 1292 perrara
804 1249 854 1294 (in
878 1249 1032 1292 Aragon.
1059 1260 1112 1294 pr.
1138 1249 1171 1285 S.
1199 1249 1325 1285 Cosme
1350 1249 1393 1285 de
1419 1249 1558 1293 Guara,
1585 1249 1712 1294 ASSO,
1747 1249 1784 1284 in

133 1292 250 1327 Sierra
275 1294 316 1327 de
342 1293 413 1329 Sta.
439 1294 518 1328 Ana
543 1306 596 1339 pr.
622 1295 732 1337 Soria,
758 1306 811 1339 pr.
837 1296 996 1330 Pesialen
1019 1295 1057 1330 in
1081 1307 1178 1340 prov.
1205 1296 1448 1341 GuadalaJ'ara
1473 1301 1580 1341 atque
1606 1300 1640 1332 in
1665 1297 1786 1332 Sierra

131 1340 274 1375 Nevada
290 1340 345 1386 [?],
369 1340 572 1386 LAGUNA).
597 1361 642 1366 ——
668 1342 714 1386 ὴ.
761 1342 871 1388 Majo,
898 1342 1017 1378 Junio.
1066 1344 1113 1388 (n.
1140 1342 1189 1388 v.)

177 1397 266 1433 Hab.
293 1398 326 1431 in
352 1397 442 1433 Gall.
468 1404 591 1443 austr.,
617 1399 729 1444 Helv.,
757 1399 923 1436 German.
949 1400 1210 1446 austro-occid„
1235 1400 1368 1447 Austr.,
1393 1400 1475 1437 Ital.
1502 1410 1631 1446 super.‚
1656 1400 1785 1447 emat„

131 1443 255 1488 Hung.,
282 1444 558 1480 Transsilvania.
1379 1465 1397 1486 x

176 1501 444 1537 Observatio.
486 1503 608 1538 Facile
633 1503 712 1538 fieri
736 1505 860 1549 possit,
887 1506 1033 1550 stirpem
1056 1505 1292 1549 Hispanicam
1317 1505 1365 1540 nil
1390 1504 1458 1540 nisi
1482 1504 1614 1549 speciei
1637 1514 1785 1548 sequen-

130 1548 175 1582 tis
207 1549 352 1583 sormam
387 1560 475 1586 esse.
525 1551 565 1584 In
592 1550 818 1596 Catalaunia,
856 1552 913 1586 ubi
945 1552 988 1587 cl.
1016 1552 1235 1588 COLMEIRO
1264 1556 1299 1588 et
1323 1552 1366 1587 R.
1391 1552 1580 1587 saxatilem
1605 1555 1641 1586 et
1665 1551 1707 1586 R.
1734 1551 1784 1586 in-

129 1594 308 1676 fectzriam
340 1596 527 1641 indicavit,
564 1607 633 1633 sec,
667 1597 710 1633 cl.
737 1598 871 1633 COSTA
905 1598 939 1632 in
974 1599 1060 1634 locis
1096 1598 1264 1635 indicatis
1289 1610 1357 1634 non
1381 1598 1450 1634 nisi
1476 1598 1518 1633 R.
1543 1597 1678 1644 pumila
1702 1608 1784 1642 pro-

129 1651 205 1676 vem
225 1669 231 1675 .

176 1717 279 1750 4019.
326 1719 373 1751 R.
399 1719 622 1754 infector-ia
645 1719 686 1753 L.
712 1719 795 1756 Cod.
821 1731 854 1756 n.
875 1720 982 1754 1550!
1010 1719 1081 1754 GR.
1100 1720 1230 1755 GODR.
1256 1720 1278 1755 l.
1294 1722 1340 1756 c.!
1367 1719 1514 1754 GUIMP.
1539 1719 1599 1754 Fr.
1623 1718 1783 1755 Holzart.

81 1762 196 1813 ‘23991
234 1762 314 1798 VIS.
348 1763 402 1798 Fl.
439 1764 554 1800 Dalm.
592 1771 616 1800 t.
644 1767 707 1801 37!
757 1766 813 1809 (R.
847 1766 1014 1801 tinctoria
1050 1766 1155 1802 MUT.
1190 1767 1246 1801 Fl.
1278 1767 1321 1801 fr.
1355 1777 1425 1801 non
1457 1766 1653 1803 WALDST.
1689 1766 1782 1810 Kit.)

82 1807 208 1842 Differt
233 1819 254 1843 a
278 1810 456 1855 praeced,
496 1812 551 1846 cui
585 1812 685 1847 valde
721 1812 865 1858 similis,
903 1813 1095 1857 praecipue
1134 1813 1226 1849 foliis
1260 1813 1336 1848 basi
1370 1812 1571 1848 rotundatis
1596 1813 1781 1857 minusque

83 1855 323 1908 acuminatis&
344 1857 468 1892 eximie
494 1859 914 1901 glanduloso-crenulatis
938 1860 1133 1903 (glandulis
1158 1860 1270 1903 nigris
1295 1860 1387 1894 inter
1411 1870 1536 1895 crenas
1562 1860 1673 1904 sitis),
1699 1860 1781 1895 sub-

81 1905 137 1935 tus
172 1901 368 1938 distinctius
402 1905 559 1940 nervosis
593 1911 628 1941 et
663 1905 791 1941 eximie
828 1906 1044 1952 reticulatis,
1082 1907 1221 1951 longius
1246 1906 1443 1952 petiolatis,
1481 1906 1622 1951 stipulis
1649 1907 1781 1950 petiolo

82 1947 295 1983 brevioribus
321 1954 355 1983 et
380 1951 568 1987 seminibus
593 1953 761 1988 brunneis
786 1953 1026 1998 nitidioribus,
1053 1953 1149 1989 sulco
1175 1953 1295 1988 clauso
1321 1953 1516 1988 instructis.
1570 1952 1694 1995 Quoad
1718 1952 1781 1988 flo-

83 2004 154 2046 res,
192 1995 365 2030 fructuum
401 1997 631 2043 foliorumque
668 1999 821 2042 figuram
854 2005 888 2034 et
920 2001 1081 2035 habitum
1107 2000 1231 2036 ambae
1257 2000 1397 2045 species
1421 2000 1561 2034 omnino
1586 2009 1780 2042 congruere

82 2040 250 2075 videntur.
299 2042 399 2076 Folia
423 2044 457 2078 in
483 2047 659 2089 specimin.
685 2047 847 2081 femineis
882 2048 1089 2092 saepissime
1121 2048 1291 2092 oblonga,
1325 2047 1483 2092 elliptica
1506 2058 1536 2081 v.
1562 2046 1779 2081 subrotunda

82 2087 206 2139 obtusa
228 2100 257 2122 v.
285 2090 508 2135 acutiuscula,
534 2093 656 2127 adulta
680 2094 818 2137 absque
842 2094 974 2138 petiolo
1001 2094 1128 2128 5—8¹¹‘
1154 2094 1259 2138 longa
1284 2099 1319 2128 et
1345 2094 1473 2128 5-8¹“
1498 2093 1582 2137 lata,
1605 2093 1642 2127 in
1667 2094 1779 2138 speci-

80 2134 229 2168 minibus
246 2145 351 2170 masc.
369 2137 741 2185 oblongo-lanceolata,
764 2140 962 2175 lanceolata
976 2153 1005 2175 v.
1021 2140 1376 2183 lineari-lanceolata,
1402 2141 1535 2184 absque
1552 2139 1684 2184 petiolo
1709 2141 1777 2174 9-

83 2179 161 2231 .12”’
179 2180 281 2259 ΙῘρηςῗ
305 2183 527 2274 εΙεῙἨβἏ-ἒξῖ
554 2185 635 2221 lata.
668 2186 794 2222 Flores
822 2186 915 2221 haud
941 2198 1021 2222 raro
1047 2188 1256 2233 pentameri.
1308 2186 1377 2229 (cf.
1402 2186 1520 2222 LOSG.
1545 2187 1676 2222 PARD.
1702 2185 1778 2222 Ser.

81 2236 207 2260 incon.
234 2237 285 2261 ec.
332 2257 358 2272 2,
384 2240 416 2273 p.
495 2233 501 2265 l

174 2283 215 2316 Iu
246 2284 331 2337 locis
365 2288 583 2330 rupestribus
619 2289 772 2325 dumosis
807 2290 959 2334 regionis
993 2290 1169 2336 inferior„
1204 2295 1358 2326 montan.
1383 2291 1420 2325 et
1444 2289 1554 2335 alpin.
1580 2290 1775 2334 Hispaniae

127 2328 445 2383 boreali-oriental„
472 2335 615 2369 central.
641 2342 676 2370 et
699 2337 884 2372 australis:
910 2337 946 2371 in
969 2348 1066 2382 prov.
1080 2337 1195 2373 Alava
1220 2338 1262 2382 (c,
1281 2337 1426 2382 Sobron,
1445 2337 1632 2382 Manurga,
1656 2336 1773 2371 Sierra

130 2374 172 2410 de
198 2376 343 2421 Vitoria,
369 2378 572 2425 LAGUNA),
598 2381 757 2417 Navarra
784 2384 826 2428 (c.
848 2383 977 2427 Guera,
1002 2383 1104 2429 Ygal,
1129 2384 1332 2429 LAGUNA),
1358 2389 1508 2428 utraque
1527 2383 1621 2418 Cast.
1641 2382 1775 2426 (Sierra

126 2421 169 2456 de
193 2422 363 2458 Besantes
388 2436 481 2468 prov.
507 2427 661 2470 Burgos,
699 2439 726 2464 e.
754 2430 934 2476 Matillas,
972 2430 1106 2477 Trillo,
1143 2431 1367 2466 Armallones
1401 2442 1498 2475 prov.
1522 2430 1774 2474 GuadalaJ’ara,

126 2467 323 2510 LAGUNA,
358 2471 402 2505 ad
427 2483 531 2516 rupes
557 2474 641 2508 calc.
667 2486 718 2518 pr.
745 2476 1081 2513 Prados-Redondos
1116 2477 1213 2512 haud
1245 2477 1369 2523 procul
1393 2477 1438 2512 ab
1462 2489 1544 2522 opp.
1570 2476 1705 2513 Mohna
1730 2476 1773 2511 de

127 2515 286 2560 Aragon,
314 2516 419 2562 WK„
446 2530 497 2562 pr.
525 2519 673 2562 Cuenca,
699 2520 898 2566 LAGUNA),
926 2525 1077 2567 Aragon.
1105 2524 1150 2569 (c.
1168 2525 1375 2570 Pefiarroya
1393 2523 1631 2568 communiss.,
1655 2523 1773 2558 Losc.

127 2561 270 2598 PARD.!
296 2563 418 2598 Monte
443 2564 485 2599 de
510 2565 674 2612 Hei-reia,
699 2567 815 2610 ASSO,
840 2580 867 2603 c.
886 2569 1010 2615 Graus,
1038 2571 1192 2606 Boltafia
1215 2571 1251 2605 in
1276 2582 1372 2616 prov.
1391 2570 1545 2612 Huesca,
1569 2569 1773 2612 LAGUNA)‚

128 2618 234 2659 regno
260 2609 398 2645 Valent.
426 2611 593 2654 (POURR.
618 2618 707 2648 teste
733 2613 856 2658 ΒΘΗ),
881 2615 1027 2651 Granat.
1049 2617 1183 2661 (Sierra
1198 2618 1334 2663 Tejeda
1359 2617 1487 2662 „inque
1512 2616 1660 2659 reliquis
1684 2616 1774 2650 Bae-

126 2658 216 2688 ticae
249 2657 392 2692 montib.
418 2659 616 2704 vulgaris«,
643 2659 774 2703 Wss13.,
812 2661 930 2696 Sierra
955 2662 1100 2699 Nevada
1132 2664 1215 2699 inde
1251 2676 1273 2700 a
1298 2663 1432 2708 Cortijo
1457 2663 1500 2697 de
1525 2662 1560 2697 S.
1584 2662 1772 2697 Geronimo

126 2699 346 2752 adyaeares
371 2714 490 2748 usque,
515 2705 538 2739 i.
564 2715 592 2739 e.
618 2707 709 2740 inter
735 2708 987 2751 5000—7000‘,
1012 2710 1109 2756 BSS„
1137 2711 1239 2757 WK.,
1264 2711 1309 2747 ad
1334 2710 1444 2746 radic.
1470 2708 1660 2745 cacuminis
1683 2708 1772 2743 Dor-

128 2755 217 2790 naJo,
244 2747 328 2784 FR!
355 2749 474 2786 Sierra
498 2751 540 2786 de
566 2751 721 2797 Alfacar,
746 2753 953 2798 LAGUNA).
980 2775 1022 2779 ——
1050 2757 1095 2800 ὴ.
1143 2758 1252 2802 Majo.
1302 2758 1346 2801 (v.
1371 2757 1415 2802 v.)
1469 2757 1633 2791 »Artos-¹·

173 2801 261 2837 Hab.
285 2805 321 2839 in
344 2806 436 2841 Gall.
462 2808 595 2854 mei-id,
621 2820 728 2853 regno
755 2810 915 2855 Neapol.,
941 2812 1034 2857 Istr.,
1058 2814 1250 2850 Dalmatia.

173 2876 271 2910 4020.
319 2881 368 2912 R.
395 2885 627 2917 cathartica
651 2884 681 2917 L
718 2885 801 2920 Cod.
828 2896 860 2921 11.
884 2886 989 2920 1549!
1017 2886 1086 2923 GR.
1113 2888 1241 2924 GODR.
1267 2890 1289 2923 1.
1316 2899 1344 2924 c.
1369 2900 1403 2933 p.
1430 2888 1514 2922 335!
1548 2886 1698 2921 HAYNE
1723 2886 1771 2931 pl.

82 2917 171 2954 offic.
196 2920 238 2963 V,
263 2928 286 2956 t.
311 2926 372 2959 431
398 2926 452 2961 Fl.
477 2929 565 2963 Dan.
591 2934 614 2964 t.
641 2932 719 2967 850.
769 2931 989 2976 (Cervispina
1014 2934 1210 2971 cathartica
1241 2936 1391 2979 MNCH.)
1440 2934 1565 2977 Elata‚
1599 2934 1770 2968 fruticosa

82 2970 142 2999 aut
165 2967 321 3014 arborea,
348 2971 480 3018 glabra,
505 2976 611 3011 ramis
636 2979 851 3022 ramulisque
877 2979 1051 3024 oppositis
1076 2983 1298 3026 patentibus,
1330 2980 1662 3026 griseo-corticatis,
1694 2989 1770 3015 sae-
