1976 3314
871 185 960 229 611

156 305 198 342 In
222 304 445 353 rupestribus
470 304 625 350 regionis
649 305 1019 350 montaum-agoniae
1046 305 1256 351 (Avellanar
1280 306 1337 344 del
1355 306 1499 344 Collado
1524 320 1578 355 pr.
1595 308 1770 357 Badenas,

110 365 139 389 c.
165 354 311 400 Segum,
335 352 473 396 Asso).
500 373 544 378 —
573 362 608 394 21.
634 353 728 398 Jun.,
754 353 826 389 Jul.
853 353 899 398 (n.
924 353 982 396 v.).

158 411 249 447 Hab.
274 411 309 445 in
336 411 432 446 Gall.
459 411 550 446 med.
569 416 604 445 et
620 416 742 456 austu,
769 411 913 455 Europa
937 410 1040 453 med,
1065 410 1182 456 Ture,
1207 410 1344 457 Graec,
1369 411 1472 448 Ross.
1491 418 1613 459 austu,
1640 413 1769 451 Trans-

110 469 218 501 cauc.,
242 459 332 494 Asia
355 458 500 492 minore.

157 516 341 552 Observ.
389 516 466 550 Hac
499 517 617 561 specie
651 527 672 552 a
703 515 877 550 botanicis
913 514 1168 549 recentioribus
1194 514 1229 549 in
1255 515 1430 561 Hispania
1455 527 1628 561 nusquam
1653 518 1771 553 obser-

111 570 211 604 vata,
250 563 350 598 valde
389 562 532 597 dubium
566 569 703 604 manet,
741 573 822 596 num
858 562 967 606 stirps
992 561 1234 604 Aragonensis
1264 562 1309 597 ad
1335 573 1413 598 eam
1437 574 1561 600 revera
1584 565 1771 610 pertineat.

109 610 277 645 Fortasse
301 620 324 645 a
348 609 392 645 cl.
418 611 525 646 ASSO
550 621 629 645 cum
655 610 773 655 specie
800 614 968 653 sequente
993 613 1210 644 commutata
1235 614 1300 645 est.

155 703 259 736 4298.
308 704 356 736 A.
382 713 517 738 verna
541 704 693 738 BARTL.
719 702 829 738 Beitr.
854 701 908 745 II,
946 713 980 746 p.
1007 701 1074 745 633
1116 700 1188 736 GR.
1214 700 1345 737 GODR.
1371 702 1395 737 1.
1420 713 1449 738 c.
1475 714 1509 747 p.
1534 703 1623 738 251!
1673 703 1767 739 AMO

65 747 87 782 1.
114 759 142 783 c.
169 761 203 794 p.
232 749 313 784 128!
364 750 556 790 (Arenaria
592 761 698 784 verna
735 749 775 783 L.
813 748 895 784 Cod.
931 759 964 783 n.
991 748 1100 783 3298!
1150 748 1319 784 Sabulina
1354 759 1463 784 verna
1499 754 1534 784 et
1570 750 1771 795 caespitosa

62 794 186 830 RcHss.
212 795 261 830 Ic.
286 795 309 830 1.
336 806 365 830 c.
391 796 414 831 f.
441 798 545 840 4927,
572 798 707 841 49291).
756 795 983 841 Caespitosa,
1010 795 1137 839 glabra
1162 800 1224 830 aut
1248 796 1466 841 pubescens,
1492 796 1690 831 rhizomate
1713 797 1771 832 vix

61 841 281 884 fruticuloso,
307 842 469 878 caulibus
494 843 789 878 adscendentibus
817 842 986 877 erectisve
1012 847 1074 876 aut
1099 841 1247 884 diffusis,
1276 843 1484 887 1¹s2—6“1.,
1509 842 1646 877 inferne
1672 843 1772 878 folio-

62 889 129 933 sis3
157 889 253 924 foliis
277 897 427 932 anguste
444 889 809 929 lineari-lanceolatis,
835 889 950 925 acutis
975 888 1091 933 planis
1117 889 1294 925 trinerviis
1320 890 1370 933 (in
1396 890 1487 926 sicco
1515 890 1638 925 subtus
1665 890 1771 925 bisul-

61 936 161 977 catis,
187 936 267 981 plus
293 936 408 971 minus
427 938 601 977 arcuatis:
627 936 774 971 fioribus
800 936 880 971 laxe
899 936 1280 981 eymoso-paniculatis,
1306 936 1407 980 2⁴⁰1„
1432 937 1584 972 bracteis
1611 935 1772 972 foliaceis

63 983 264 1028 sepalisque
289 983 634 1029 ovato-lanceolatis‚
658 983 844 1027 trinerviis,
870 988 1017 1026 anguste
1036 983 1428 1027 scarioso-marginatis,
1456 984 1571 1018 nervis
1588 983 1772 1027 viridibus,

61 1029 191 1075 petalis
217 1029 377 1072 oblongis
411 1031 612 1065 ovalibusve
651 1029 856 1065 brevissime
893 1028 1153 1072 unguiculatis,
1188 1029 1344 1074 calycem
1379 1029 1629 1065 excedentibus
1654 1031 1770 1066 rarius

61 1077 310 1121 aequantibus;
338 1078 486 1121 capsula
511 1087 530 1112 e
556 1077 676 1122 calyce
702 1081 864 1120 exserta,
892 1076 1085 1111 seminibus
1109 1075 1584 1117 reniformi-orbicularibus,
1611 1077 1772 1111 subcom-

60 1124 205 1168 pressis,
228 1123 349 1167 fuscis,
376 1124 537 1159 minutim
563 1124 809 1159 tuberculatis.
852 1142 885 1147 —
923 1122 1076 1157 Habitus
1102 1122 1361 1168 praecedentis,
1386 1122 1448 1158 sed
1473 1123 1557 1157 folia
1582 1123 1712 1158 latiora
1738 1129 1774 1158 et

59 1170 251 1215 rigidiora,
286 1169 455 1205 inferiora
485 1170 695 1206 internodiis
732 1170 910 1214 longiora,
950 1168 995 1204 ad
1033 1168 1144 1204 nodos
1181 1179 1290 1214 saepe
1325 1170 1547 1205 fasciculata.
1596 1170 1769 1204 Pedicelli

63 1218 209 1260 robusti,
233 1228 313 1251 cum
337 1217 490 1253 bracteis
516 1218 721 1263 sepalisque
738 1217 945 1263 plerumque
963 1215 1448 1262 glanduloso—pubescentes.
1483 1215 1769 1252 Caulesfloriferi

62 1275 171 1310 saepe
195 1263 382 1307 fastigiati.

201 1324 239 1365 β.
265 1321 427 1366 alpina
452 1320 570 1355 KOCH
594 1321 676 1366 Syn.
705 1320 759 1356 ed,
785 1319 832 1364 ΙΙ,
860 1332 891 1365 p.
920 1321 1005 1354 132!
1033 1319 1123 1355 WK.
1149 1319 1196 1365 pl.
1222 1320 1325 1365 Hisp.
1349 1330 1422 1356 exs.
1453 1321 1551 1364 1850,
1579 1331 1610 1354 n.
1625 1322 1703 1364 569,
1728 1321 1764 1355 b.

269 1367 384 1412 Naua,
410 1367 518 1403 dense
543 1368 753 1412 caespitosa,
779 1367 874 1402 foliis
899 1366 1119 1402 brevioribus
1144 1367 1251 1402 rectis
1269 1373 1418 1410 anguste
1435 1367 1770 1412 lineari-subulatis,

270 1414 381 1460 cymis
405 1413 608 1458 paucifloris
632 1427 662 1449 v.
688 1413 834 1449 fioribus
852 1414 887 1447 in
906 1413 1008 1458 apice
1025 1414 1177 1448 caulium
1193 1414 1363 1449 solitariis
1380 1414 1637 1449 terminalibus.
1678 1414 1772 1449 Tota

272 1461 482 1506 saepissime
507 1461 919 1506 glanduloso-puberula,
946 1460 1079 1495 viscida
1105 1461 1294 1503 (Arenaria
1311 1461 1405 1496 foliis
1422 1461 1616 1496 linearibus
1641 1461 1770 1496 erectis

269 1506 368 1542 GER.
398 1507 601 1553 Galloprov.
626 1508 649 1542 f.
679 1510 730 1552 15,
759 1510 795 1543 1!
844 1507 888 1541 A.
915 1506 1067 1541 Gerardi
1093 1506 1151 1541 W.
1179 1508 1236 1552 Sp.
1263 1507 1311 1551 pl.
1337 1507 1389 1550 11,
1421 1519 1454 1551 p.
1480 1508 1568 1542 729!
1618 1507 1662 1543 A.
1687 1507 1766 1542 lini-

269 1553 359 1590 fiora
394 1554 512 1594 JCQU.
550 1555 604 1591 Fl.
644 1555 765 1590 Austr.
804 1560 828 1588 t.
854 1556 940 1599 4453
991 1554 1186 1599 Tryphane
1227 1553 1379 1589 Gerardi
1428 1554 1553 1588 RCHB.
1592 1554 1641 1589 Ie.
1680 1553 1702 1588 l.
1741 1565 1771 1589 c.

269 1601 292 1637 f.
317 1602 458 1645 49281).
1582 1600 1594 1611 ⁶

155 1659 195 1693 In
221 1660 429 1703 graminosis
455 1659 612 1701 saxosis,
657 1658 818 1693 arenosis
842 1658 1052 1702 rupiumque
1075 1657 1231 1698 fissuris,
1258 1657 1354 1693 silvis
1380 1657 1533 1702 regionis
1557 1662 1712 1692 montan.
1738 1662 1774 1692 et

112 1706 288 1751 subalpin.
304 1706 499 1752 Hispaniae
519 1706 694 1750 oriental.,
720 1705 853 1739 boreal.
879 1710 915 1739 et
938 1705 1082 1739 central.
1110 1705 1255 1750 passim,
1282 1704 1392 1739 forma
1409 1705 1591 1750 primaria,
1617 1710 1655 1739 ut
1678 1704 1772 1739 vide-

109 1758 168 1787 tur
194 1763 275 1788 rara
302 1752 355 1797 (in
381 1753 511 1788 ditione
537 1753 573 1787 la
594 1752 714 1797 Rioja,
740 1751 884 1786 BOUT.!
912 1752 970 1786 hb.
996 1758 1032 1787 et
1057 1752 1092 1785 in
1119 1751 1215 1787 silvis
1241 1753 1414 1786 montanis
1441 1762 1550 1796 supra
1562 1750 1772 1797 Encinillas,

108 1799 226 1835 LGE.!
254 1800 431 1835 Castellae
457 1800 597 1844 veteris,
624 1811 678 1844 pr.
705 1797 911 1833 Valladolid
937 1803 1043 1842 atque
1068 1799 1104 1832 in
1129 1797 1264 1833 Gallec.
1290 1809 1343 1843 pr.
1361 1798 1530 1842 Santiago
1557 1797 1599 1832 de
1625 1797 1772 1843 Compo-

110 1846 220 1892 stela,
262 1846 438 1891 TEXID.)‚
471 1856 544 1881 var.
569 1849 607 1888 β.
644 1846 680 1879 in
714 1855 823 1888 regno
848 1844 994 1888 Legion.
1021 1845 1121 1889 (Pico
1147 1844 1189 1879 de
1214 1845 1268 1880 las
1294 1845 1425 1881 Corvas
1450 1856 1503 1890 pr.
1529 1844 1706 1880 Convento
1732 1843 1774 1879 de

108 1893 235 1938 Arvas,
260 1893 472 1938 BOURG.!),
498 1893 608 1936 Arag.
637 1893 776 1936 (Pyren.
803 1891 848 1926 ad
872 1891 1003 1926 Puerto
1029 1891 1071 1926 de
1097 1891 1270 1926 Canfranc
1296 1891 1340 1927 ad
1365 1892 1427 1927 alt.
1453 1893 1569 1935 4500¹,
1596 1891 1696 1931 WK.,
1722 1903 1774 1936 pr.

109 1940 313 1986 Castanesa,
338 1940 486 1984 ZETT.),
513 1939 628 1975 Catal.
655 1939 809 1984 (Pyren.,
834 1939 978 1973 montib.
1006 1950 1058 1983 pr.
1082 1938 1255 1984 Pequera,
1282 1940 1455 1984 Surroca,
1482 1938 1619 1974 CSTA.!
1655 1938 1774 1973 Sierra

109 1986 152 2021 de
177 1987 301 2032 Nuria,
328 1987 498 2032 ΤΕΚΙΠ)ι
527 2006 568 2011 -
600 1995 635 2027 2!-
661 1985 757 2030 Jun.,
783 1985 854 2020 Jul.
881 1985 926 2030 (v.
951 1985 1007 2029 v.).

155 2068 245 2104 Hab.
272 2069 308 2102 in
333 2068 445 2111 GalL,
479 2068 569 2103 Brit.
586 2097 593 2111 ,
620 2068 736 2111 Belga,
763 2066 901 2112 Germ,
928 2066 1049 2111 Helm,
1075 2067 1216 2111 Austr.‚
1241 2066 1340 2109 Ital.,
1367 2065 1482 2111 sicit,
1509 2065 1621 2110 Cora,
1646 2065 1776 2111 Dalm,

108 2114 235 2161 Hung,
262 2115 421 2161 Transs.,
448 2115 567 2160 Ture,
595 2114 714 2158 Cauc,
739 2114 827 2149 Asia
852 2120 887 2148 et
910 2114 1035 2148 Africa
1060 2113 1145 2159 bor.,
1170 2113 1207 2147 in
1231 2113 1408 2148 montanis
1434 2118 1469 2147 et
1495 2113 1633 2158 alpinis.

155 2197 260 2231 4299.
308 2199 357 2231 A.
382 2206 565 2230 recurva
596 2195 822 2229 WAHLENB.
861 2194 916 2229 Fl.
945 2194 1049 2230 Helv.
1087 2207 1121 2240 p.
1150 2196 1217 2240 873
1256 2194 1328 2229 GR.
1365 2194 1495 2230 GODR.
1520 2193 1542 2228 l.
1569 2206 1597 2230 c.
1624 2206 1657 2239 p.
1683 2196 1769 2230 252!

61 2243 155 2277 AMO
181 2243 204 2277 l.
230 2254 259 2278 c.
287 2255 320 2288 p.
349 2245 435 2278 129!
483 2243 639 2277 BOURG.
677 2242 725 2287 pl.
752 2242 853 2286 Hisp.
892 2252 965 2277 exs.
993 2253 1024 2276 n.
1051 2244 1161 2278 2375!
1212 2241 1404 2287 (Arenaria
1428 2252 1573 2276 recurva
1597 2242 1693 2276 ALL.
1718 2241 1775 2276 Fl.

61 2289 203 2325 Pedem.
229 2301 262 2333 p.
291 2291 375 2333 113,
401 2295 425 2325 t.
451 2290 517 2333 89,
550 2288 573 2323 f.
600 2291 644 2324 3!
692 2289 886 2334 Tryphaue
912 2299 1059 2324 recurva
1082 2289 1208 2323 RCHB.
1234 2289 1281 2324 Ic.
1306 2288 1330 2323 1.
1354 2300 1384 2323 c.
1409 2288 1434 2323 f.
1458 2289 1551 2323 4930
1562 2287 1597 2332 !).
1646 2287 1776 2323 Differt

63 2346 84 2370 a
109 2335 274 2380 praeced.
300 2336 395 2371 foliis
422 2336 555 2371 obtusis
581 2335 723 2371 muticis
741 2347 770 2370 v.
789 2335 1055 2380 mucronulatis,
1083 2336 1293 2381 saepissime
1310 2335 1465 2370 recurvis
1484 2335 1632 2379 ideoque
1651 2345 1774 2380 squar-

63 2383 165 2426 rosis,
192 2383 227 2416 in
252 2382 328 2417 vivo
356 2382 637 2427 subprismaticis
664 2383 819 2427 sulcatis,
846 2382 1000 2417 bracteis
1027 2384 1079 2428 5-,
1105 2383 1235 2428 sepalis
1262 2382 1498 2417 exterioribus
1524 2382 1774 2425 5—7-nerviis,

65 2429 255 2464 seminibus
281 2429 449 2464 laevibus.
475 2449 518 2454 --
545 2429 667 2473 Nana,
692 2428 888 2464 rhizomate
914 2429 1134 2474 fruticuloso,
1160 2429 1281 2465 caules
1306 2430 1429 2464 breves
1455 2428 1629 2464 fioriferos
1656 2439 1774 2464 surcu—

62 2476 187 2520 losque
214 2475 354 2511 steriles
379 2476 574 2520 permultos
598 2476 742 2512 foliosos
760 2476 953 2521 caespitem
971 2482 1194 2521 compactum
1212 2476 1406 2511 formantes
1425 2475 1562 2519 edente,
1589 2475 1682 2510 foliis
1699 2474 1772 2518 gla-

62 2523 136 2557 bris
163 2523 255 2557 laete
279 2523 700 2561 virentibuslinearibus.
727 2523 886 2558 caulibus
905 2534 1055 2568 superne
1072 2534 1151 2558 cum
1179 2523 1346 2568 bracteis,
1371 2522 1554 2567 pedicellis
1572 2521 1772 2566 sepalisque

63 2569 170 2604 dense
196 2569 614 2614 glanduloso—puberulis‚
642 2570 750 2616 cymis
775 2569 980 2615 paucifloris
995 2570 1241 2615 (1—-3-floris),
1268 2570 1398 2613 sepalis
1423 2568 1648 2612 bracteisque
1667 2567 1772 2602 ovali-

63 2616 274 2651 lanceolatis
299 2616 510 2651 acuminatis
534 2622 681 2660 anguste
700 2616 1019 2663 albo-marginatis,
1044 2617 1175 2663 petalis
1194 2617 1350 2662 calycem
1369 2615 1603 2660 aequantibus
1621 2626 1650 2649 v.
1671 2623 1772 2659 supe-

64 2664 237 2707 rantibus,
263 2663 409 2708 capsula
435 2663 592 2708 calycem
617 2664 676 2698 vix
700 2664 905 2698 excedente.

158 2721 199 2755 In
223 2721 449 2766 rupestribus
474 2721 630 2764 regionis
656 2721 799 2765 alpinae
824 2720 1056 2756 Catalauniae
1080 2720 1143 2764 (ad
1169 2719 1375 2760 Set-Casas,
1412 2718 1553 2752 ISERN!
1596 2716 1768 2762 Andorra,

110 2767 234 2803 Monte
259 2768 418 2811 Cauillo,
455 2767 612 2802 BOURG.
630 2794 638 2809 ,
677 2767 739 2803 Col
763 2767 806 2802 de
832 2768 968 2810 Nuria,
993 2767 1144 2802 ENDR.!
1171 2766 1345 2807 Monseni,
1371 2765 1585 2807 Monserrat,
1618 2764 1769 2806 SALV.!)

110 2815 349 2859 montiumque
375 2814 604 2858 Carpetanor.
631 2814 729 2856 (Pico
755 2814 797 2849 de
823 2814 1020 2859 Pefialara,
1056 2813 1206 2855 ISERN,
1233 2812 1342 2846 Risco
1367 2811 1410 2846 de
1436 2812 1470 2845 la
1495 2811 1623 2846 Cocina
1650 2821 1772 2846 versus

112 2872 244 2896 cacum.
268 2861 396 2897 montis
422 2861 542 2896 Sierra
567 2861 610 2895 de
636 2860 783 2906 Gredos,
807 2861 1009 2901 BOURG.!).
1036 2879 1080 2884 —
1109 2869 1144 2899 Δ.
1170 2857 1390 2902 Jul.-Sept.
1416 2857 1459 2902 (v.
1485 2861 1538 2902 s.).

159 2918 251 2954 Hab.
276 2919 313 2953 in
338 2919 489 2965 Pyren.,
515 2918 648 2963 Alpib.,
673 2917 862 2963 Appenin,
886 2918 1028 2963 Aprut.,
1053 2917 1236 2962 Carpath„
1262 2915 1469 2951 Transsilv..
1493 2915 1638 2950 montib.
1663 2913 1770 2958 Sicil.,

112 2965 228 3011 Ture,
254 2968 409 3011 Armen.⁷
435 2966 547 3001 Asiae
572 2966 707 3005 minor..
732 2965 832 3000 Pers.
857 2965 1024 3000 borealis.

157 3022 341 3059 Observ.
389 3024 505 3068 Stirps
532 3022 734 3068 Carpetana
759 3032 780 3056 a
806 3023 950 3067 specim.
976 3032 994 3056 e
1020 3021 1148 3066 Pyren.
1175 3024 1210 3055 et
1225 3019 1344 3065 Alpib.
1371 3018 1655 3064 provenientibus
1673 3017 1771 3053 foliis

110 3070 332 3107 rectiusculis
357 3070 486 3116 differt,
511 3076 666 3106 ceterum
692 3079 775 3105 vero
801 3080 881 3104 cum
905 3069 1017 3104 forma
1043 3067 1195 3111 genuina
1220 3066 1394 3112 congruit.

1492 3123 1562 3160 39*
