1976 3314
871 117 966 163 825
1011 131 1018 136 ·

69 239 228 273 omnibus
269 237 532 281 subaequaliter
572 243 634 273 aut
669 238 798 274 infimis
836 238 1293 283 sublyrato-pinnatisectis,
1333 239 1522 282 segmentis
1560 239 1770 276 lateralibus

68 285 276 320 lanceolatis
301 284 514 328 oblongisve,
548 285 817 330 asymmetricis,
854 284 1032 320 terminali
1057 285 1192 328 majore
1219 286 1454 327 symmetrico,
1481 295 1586 330 saepe
1611 286 1770 327 obovato‚

68 333 229 368 omnibus
266 331 510 374 irregulariter
532 332 705 377 repando·
731 337 792 367 aut
828 331 1183 376 angiilato-dentatis3
1224 330 1367 367 floribus
1402 333 1628 378 corymbosis,
1669 333 1771 377 longe

69 378 301 424 pedicellatis,
337 378 555 424 majusculis,
593 379 722 424 petalis
748 379 849 421 albis,
874 378 1018 424 patulis,
1045 378 1204 413 antheris
1230 378 1414 418 violaceis:
1454 379 1594 424 siliquis
1618 380 1773 414 breviter

70 425 270 467 racemosis,
306 424 342 458 in
367 424 541 469 pedicello
576 426 697 470 patulo
733 426 860 461 erectis
897 427 939 459 1⁰
965 425 987 460 1.
1026 425 1260 460 subtorulosis
1285 426 1447 470 enei-viis,
1486 426 1590 470 longe
1615 427 1770 472 stylatis3

69 473 258 508 seminibus
283 472 395 506 ovatis
418 473 563 516 apteris,
588 473 854 509 lutescentibus.
884 493 924 497 —
951 471 1072 506 Herba
1097 481 1224 516 sapore
1246 472 1320 506 acri
1345 473 1532 508 subamaro
1557 474 1765 509 aromatico.

160 530 217 564 Ad
259 529 412 573 rivulos,
453 530 589 573 fontes,
627 531 662 565 in
692 531 797 567 fossis
832 541 926 575 aqua
961 529 1108 575 limpida
1138 529 1286 575 repletis
1309 529 1464 574 locisque
1501 531 1579 565 udis
1604 532 1775 567 silvaticis

115 576 266 620 regionis
303 582 490 611 montanae
528 578 727 623 Hispaniae
762 578 906 621 boreal„
948 577 1094 612 central.
1119 582 1155 612 et
1188 576 1350 611 oriental.
1376 578 1523 621 passim:
1566 579 1601 612 in
1637 578 1772 614 Gallec.

114 623 277 668 (SALV.),
303 623 426 659 Astur.
453 624 586 667 (LAG.!
615 626 650 659 in
669 625 727 659 hb.
747 625 877 667 Bout.),
902 624 996 660 Cast.
1022 629 1173 668 utraque
1199 624 1356 667 (Montes
1375 623 1417 658 de
1435 624 1539 658 Avila
1557 630 1591 659 et
1610 624 1771 668 Segovia,

113 670 237 714 QUER,
262 682 316 715 pr.
340 671 373 705 8.
388 671 497 706 Pablo
521 671 632 707 delos
651 677 797 716 montes,
815 672 996 716 POURR.),
1016 672 1170 714 Aragon.
1190 670 1386 715 (Formigal
1401 670 1443 705 de
1469 670 1614 715 Sallent,
1640 673 1773 716 Asso),

113 717 396 810 1(x31atal..(82⁵2L)V.,
437 729 465 753 0.
491 718 582 762 Olot,
625 718 753 763 CSTA.,
795 718 997 759 Guillerias‚
1027 728 1149 754 versus
1174 717 1320 763 Angles,
1360 718 1520 763 VAYR.).
1547 738 1590 743 —
1620 727 1654 758 21.
1681 720 1767 764 Apr.

155 775 212 808 ajo
252 777 282 800 v.
309 776 336 801 s.
361 792 366 798 .

161 822 254 858 Hab.
280 823 315 857 in
341 822 488 867 Europa
513 824 602 867 sept.
630 828 665 858 et
690 822 815 867 media,
841 822 932 866 Ital,
959 821 1068 866 Sicil.,
1095 822 1212 862 Ture,
1237 821 1341 857 Sibir.
1367 822 1538 857 Altaica.·

116 925 205 960 Soet.
231 925 291 959 II.
343 923 734 959 Cardamassozoicles
775 925 904 960 GODR.
946 925 968 960 l.
1004 937 1032 960 c.
1067 937 1101 970 p.
1131 926 1212 959 109!
1263 924 1387 959 Petala
1420 925 1587 970 oblongo·
1611 931 1671 960 aut
1716 927 1773 961 ob-

335 976 615 1014 ovato-cuneata,
641 978 803 1015 angusta,
819 977 948 1013 erecta,
976 972 1069 1006 alba.
1099 991 1140 996 —-
1167 970 1311 1016 Species
1335 971 1558 1016 parviflorae,
1584 973 1774 1018 pleraeque

333 1029 470 1053 annuae
494 1031 524 1053 v.
549 1019 712 1061 biennes,
738 1019 832 1054 foliis
857 1019 1018 1054 omnibus
1043 1018 1290 1063 pinnatisectis
1316 1019 1524 1062 multijugis.

357 1099 382 1140 †
406 1098 581 1133 Petioli
607 1098 826 1134 foliorum
851 1098 1078 1134 caulinor.
1104 1109 1185 1133 non
1209 1098 1483 1133 auriculati.

160 1180 263 1213 4761.
315 1181 356 1213 O.
382 1181 549 1213 hirsuta
584 1179 625 1213 L.
652 1179 734 1214 Cod.
760 1191 794 1213 n.
817 1181 925 1214 47731
967 1179 1063 1213 CAV.
1088 1178 1204 1213 Prael.
1231 1189 1262 1212 n.
1289 1179 1376 1212 9721
1427 1177 1499 1212 DC.
1524 1178 1546 1212 l.
1573 1189 1600 1213 c.
1627 1190 1660 1223 p.
1686 1179 1755 1213 259

71 1224 143 1260 GR.
169 1225 298 1261 GODR.
325 1227 348 1263 l.
374 1237 415 1269 c.,
440 1225 566 1260 Rene.
592 1226 640 1260 Ic.
667 1226 689 1260 1.
717 1237 746 1261 0.
771 1226 794 1260 f.
820 1227 932 1260 4304!
973 1226 1067 1260 Amo
1092 1225 1115 1259 1.
1141 1236 1168 1259 c.
1195 1237 1228 1270 p.
1255 1226 1340 1260 554!
1384 1224 1473 1259 WK.
1499 1226 1546 1269 pl.
1572 1225 1673 1270 Hisp.
1699 1236 1771 1260 exs.

74 1273 174 1318 1845,
198 1284 231 1308 n.
258 1274 326 1307 815
352 1278 387 1308 et
413 1273 503 1307 1846
528 1284 561 1306 n.
591 1273 680 1306 1387
706 1272 755 1316 (C.
782 1272 993 1307 intermedia
1019 1272 1212 1307 HORNEM.
1239 1271 1320 1306 Oec.
1346 1270 1457 1317 plant.
1482 1284 1515 1316 p.
1543 1274 1621 1314 714,
1664 1271 1772 1307 Flora

67 1318 158 1354 Dan.
182 1324 206 1354 t.
235 1320 350 1364 1762).
399 1319 563 1362 Gracilis,
588 1319 684 1354 laete
708 1319 844 1360 virens,
871 1319 990 1354 radice
1014 1319 1134 1363 tenui,
1160 1318 1457 1364 perpendiculari,
1484 1320 1585 1364 apice
1611 1329 1769 1363 ramosa,

68 1366 228 1401 caulibus
253 1366 382 1401 erectis
406 1378 435 1401 v.
461 1365 770 1411 adscendentibus,
807 1376 915 1411 parce
946 1367 1114 1410 ramosis,
1152 1366 1353 1411 paucifoliis
1390 1372 1451 1401 aut
1481 1376 1632 1411 superne
1667 1365 1771 1410 longe

67 1412 181 1457 nudis,
223 1413 340 1448 3—-8¹¹
364 1413 406 1458 l.;
448 1412 542 1448 foliis
566 1413 783 1448 basilaribus
809 1413 1017 1450 numerosis.
1058 1413 1166 1448 dense
1192 1413 1369 1457 rosulatis,
1410 1413 1626 1458 patentibus,
1667 1412 1770 1456 longe

67 1459 261 1504 petiolatis,
298 1460 447 1495 caulinis
475 1461 577 1504 2-3,
614 1460 769 1495 breviter
793 1460 987 1505 petiolatis,
1015 1460 1205 1503 segmentis
1230 1459 1435 1494 inferiorum
1461 1459 1671 1503 rotundatis,
1710 1470 1770 1494 an-

70 1505 212 1550 gulatis,
237 1507 415 1542 terminali
439 1507 544 1551 paulo
569 1507 715 1552 majore,
750 1508 971 1552 superiorum
996 1508 1108 1541 multo
1133 1507 1307 1541 minorum
1332 1506 1491 1550 oblongis
1517 1507 1770 1551 linearibusve3

68 1552 215 1589 floribus
238 1554 360 1599 parvis
377 1553 605 1599 corymbosis,
631 1554 768 1598 siliquis
786 1553 942 1588 breviter
959 1553 1161 1595 racemosis,
1187 1553 1333 1588 maturis
1350 1564 1428 1588 cum
1445 1553 1619 1598 pedicello
1637 1559 1769 1589 erecto-

67 1600 224 1645 patulis,
260 1600 517 1643 subtorulosis,
558 1601 731 1641 enervus,
774 1601 918 1650 strictis,
960 1600 1052 1645 stylo
1078 1600 1282 1635 abbreviato
1314 1600 1513 1645 apiculatis,
1551 1602 1699 1634 6—-10¹¹¹
1727 1601 1775 1645 l.;

71 1647 276 1691 seminibus,
302 1647 480 1692 ellipticis,
505 1647 649 1692 apteris,
673 1647 794 1682 fuscis.
823 1667 864 1672 —
890 1647 1019 1682 Planta
1053 1647 1169 1692 quoad
1199 1647 1362 1682 foliorum
1387 1646 1533 1682 formam
1561 1648 1647 1682 satis
1673 1647 1770 1692 poly-

72 1694 224 1738 morpha
247 1694 350 1729 modo
376 1693 506 1729 foliolis
531 1694 661 1729 ciliatis
685 1693 827 1738 gaudet,
853 1693 955 1730 modo
979 1704 1043 1738 per
1067 1699 1179 1729 totam
1198 1693 1421 1739 superficiem
1446 1694 1529 1739 pilis
1555 1694 1774 1739 simplicibus

69 1740 202 1786 patulis
225 1741 364 1786 vestita,
387 1740 493 1776 modo
519 1740 735 1784 glaberrima
760 1746 823 1776 est.

169 1798 211 1832 In
236 1798 350 1843 pratis
375 1797 541 1843 humidis,
563 1798 650 1834 locis
668 1798 838 1834 silvaticis
862 1798 1048 1842 umbrosis,
1075 1799 1219 1842 saxosis,
1242 1798 1413 1842 arenosis,
1438 1798 1482 1832 ad
1501 1808 1618 1843 rupes,
1644 1807 1773 1839 muros,

118 1845 246 1880 rivulos
270 1845 425 1889 regionis
450 1845 606 1879 inferior.
633 1850 669 1880 et
692 1851 845 1880 montan.
864 1855 929 1890 per
954 1855 1090 1880 omnem
1109 1845 1332 1890 Hispaniam.
1359 1846 1396 1879 in
1422 1846 1571 1880 australi
1595 1845 1631 1879 in
1659 1844 1772 1889 regio-

122 1902 202 1927 nem
227 1891 384 1937 alpinam
409 1892 540 1936 (6000‘)
567 1902 678 1936 usque
703 1892 933 1928 adscendens.
959 1912 1004 1916 —
1030 1895 1079 1933 (ο).
1104 1892 1359 1936 Febr.—-Maj0
1385 1892 1429 1936 (v.
1454 1893 1512 1936 v.).

162 1950 254 1987 Hah.
281 1950 317 1984 in
342 1950 488 1995 Europa
512 1950 606 1985 omni
631 1955 666 1985 et
689 1950 813 1985 Africa
837 1949 983 1986 boreali.

163 2032 267 2066 4762.
320 2034 363 2066 C.
389 2034 586 2066 silvatica
619 2031 691 2066 LK.
722 2042 778 2076 ap.
803 2031 962 2067 HOFFM.
989 2031 1088 2076 phyt.
1127 2031 1182 2065 Bl.
1221 2031 1249 2075 Ι,
1282 2042 1315 2074 p.
1343 2031 1408 2076 503
1445 2030 1516 2065 GR.
1543 2029 1673 2065 GODR.
1699 2029 1720 2063 l.
1749 2040 1777 2064 c.

69 2091 106 2124 p.
134 2079 215 2114 109!
254 2079 349 2114 AMO
386 2078 408 2113 1.
435 2090 465 2114 0.
490 2091 526 2124 p.
553 2079 639 2114 5551
681 2078 806 2114 RCHB.
845 2079 893 2114 Ic.
932 2079 955 2113 l.
981 2089 1009 2113 0.
1037 2078 1060 2112 f.
1086 2080 1195 2112 4303!
1247 2077 1336 2111 WK.
1362 2078 1410 2122 pl.
1445 2077 1546 2121 Hisp.
1573 2087 1645 2111 exs.
1674 2077 1773 2121 1850,

69 2136 103 2160 n.
130 2127 185 2160 38.
233 2125 362 2160 Differt
386 2135 407 2159 a
431 2125 609 2170 praeced,
635 2126 736 2169 cujus
759 2125 912 2161 fortasse
935 2126 1090 2161 varietas
1115 2124 1266 2168 biennis,
1292 2125 1394 2159 caule
1419 2123 1657 2168 multifoliato,
1682 2122 1776 2158 foliis
1824 2127 1831 2133 “

71 2172 221 2208 caulinis
245 2173 289 2207 iis
313 2172 455 2207 rosulae
479 2172 684 2216 majoribus,
709 2172 919 2207 staminibus
944 2182 1007 2208 sex
1032 2172 1082 2216 (in
1106 2171 1297 2206 C.hirsuta
1320 2171 1528 2215 saepissime
1554 2181 1622 2205 non
1646 2169 1716 2205 nisi
1743 2170 1778 2214 4)

76 2219 216 2263 siliquis
239 2220 275 2254 in
298 2218 474 2264 pedicello
497 2219 619 2264 patulo
646 2219 785 2263 erectis,
817 2218 944 2254 rhachi
968 2218 1165 2263 parallelis,
1202 2218 1321 2252 radice
1346 2228 1468 2253 crassa
1493 2217 1646 2261 obliqua,
1681 2216 1779 2251 undi-

76 2275 145 2308 que
169 2265 321 2300 fibrillos
347 2265 482 2300 edente.
531 2265 722 2309 Segmenta
746 2265 909 2301 foliorum
935 2266 1152 2300 caulinorum
1179 2265 1436 2309 numerosiora,
1460 2265 1607 2308 maiora,
1642 2264 1781 2299 latiora.

75 2311 202 2347 Variat
235 2312 335 2347 caule
373 2317 490 2348 erecto
515 2318 550 2348 et
574 2313 813 2348 ramosissimo
838 2312 976 2357 diffus0,
1015 2312 1205 2356 segmentis
1240 2311 1404 2347 foliorum
1431 2311 1602 2356 superior.
1627 2311 1781 2346 subinte-

77 2358 241 2403 gerrimis
266 2364 302 2394 et
326 2359 482 2394 sinuato·
505 2372 536 2394 v.
562 2359 877 2403 inciso-angulatis.

174 2417 215 2451 In
240 2417 325 2452 locis
350 2417 504 2453 humidis
527 2418 708 2463 silvaticis,
735 2417 780 2452 ad
805 2417 920 2453 fossas
945 2416 1102 2460 regionis
1128 2416 1297 2458 inferior,
1330 2421 1483 2450 montan.
1510 2421 1545 2450 et
1568 2415 1676 2460 alpin.
1701 2423 1781 2458 pas-

123 2464 200 2509 sim,
236 2464 273 2498 in
297 2463 473 2509 Hispania
510 2465 646 2500 boreali
677 2465 845 2509 frequens
871 2464 924 2507 (in
949 2463 1073 2499 Gallec
1098 2474 1126 2498 c.
1154 2463 1321 2506 Santiago
1348 2462 1390 2497 de
1417 2462 1649 2507 Compostela,
1687 2460 1781 2495 Don-

124 2521 195 2552 cos,
220 2510 332 2555 Lugo.
359 2511 544 2557 Betanzos,
570 2511 687 2547 LGE.!
724 2510 930 2554 Piedrafita,
957 2511 1122 2554 TEXID.;
1161 2511 1196 2545 in
1221 2511 1342 2544 Astur.
1369 2521 1396 2544 c.
1425 2509 1562 2552 Cangas
1588 2507 1630 2542 de
1657 2507 1779 2559 Tineo,

122 2557 160 2591 in
182 2558 275 2593 valle
300 2557 450 2601 Naviegi
486 2558 530 2592 ad
554 2560 735 2603 regionem
760 2558 867 2604 alpin.
893 2568 1017 2602 usque,
1043 2558 1166 2600 DUR.;
1199 2558 1235 2591 in
1260 2557 1407 2591 Cantab.
1433 2567 1486 2600 pr.
1513 2556 1599 2589 Irun
1623 2559 1657 2588 et
1683 2553 1781 2606 alibi,

123 2603 220 2647 WK.,
245 2604 470 2649 Balmaseda,
495 2604 619 2651 ΕΘΗ),
658 2606 694 2639 in
719 2604 869 2651 Hispan.
896 2604 1046 2640 centrali
1071 2604 1189 2639 rarius
1217 2604 1266 2647 (in
1291 2613 1376 2645 agro
1401 2601 1546 2637 Madrit.
1576 2606 1611 2635 et
1635 2612 1687 2645 pr.
1713 2600 1780 2653 1111-

121 2652 370 2695 gascalientes,
408 2651 531 2695 CAV),
572 2652 610 2686 in
644 2652 798 2696 provinc.
835 2652 996 2687 oriental.
1021 2652 1057 2685 in
1097 2651 1239 2693 regione
1272 2654 1439 2684 montana
1479 2653 1514 2682 et
1555 2647 1693 2691 subalp.
1731 2648 1781 2691 (in

121 2698 250 2744 Pyren.
288 2698 400 2734 Catal.
425 2710 455 2733 c.
478 2698 603 2741 Nuria,
647 2699 790 2743 TREM.,
817 2699 936 2734 Bafios
968 2698 1011 2732 de
1036 2697 1171 2732 Tred6s
1199 2702 1233 2731 et
1258 2696 1408 2735 Esterri,
1441 2694 1570 2735 TIMB„
1608 2694 1712 2729 Valle
1737 2694 1779 2729 de

126 2745 225 2780 Aran
261 2756 384 2781 versus
410 2745 568 2790 Portillo,
607 2744 758 2790 Coun),
794 2746 832 2780 in
868 2746 1018 2790 Hispan.
1043 2743 1193 2779 australi
1226 2754 1295 2777 non
1330 2742 1397 2775 nisi
1434 2741 1469 2774 in
1501 2740 1601 2783 regni
1635 2740 1780 2776 Granat.

129 2792 273 2836 regione
310 2792 485 2838 subalpin.
522 2798 557 2827 et
582 2791 712 2837 alpina,
749 2802 829 2827 raro
856 2792 902 2835 (S.
928 2791 1076 2826 Nevada
1099 2802 1154 2835 pr.
1182 2788 1214 2823 S.
1240 2788 1439 2831 Ger-(inimo,
1464 2787 1563 2829 BSS.,
1596 2786 1715 2822 Sierra
1739 2787 1781 2822 de

128 2838 320 2884 Yunquera
343 2840 419 2875 loco
444 2838 542 2874 Pilar
566 2839 608 2873 de
634 2839 756 2879 Tolox,
791 2839 909 2883 ΨΚ).
959 2858 1004 2863 -
1029 2838 1076 2879 07¹.
1103 2835 1323 2881 Apr.—Jun.
1351 2835 1395 2879 (v.
1418 2833 1475 2877 v.).

168 2897 259 2933 Hah.
285 2899 322 2933 in
350 2898 498 2944 Europa
526 2897 601 2933 bor.
627 2902 662 2932 et
686 2896 812 2932 media.

169 2973 274 3008 4763.
325 2976 367 3008 C.
393 2975 634 3016 parviflora
669 2971 710 3006 L.
742 2971 823 3007 Cod.
849 2982 882 3006 n.
908 2971 1019 3004 4771!
1056 2968 1129 3005 DC.
1156 2968 1179 3003 l.
1205 2979 1234 3002 c.
1267 2980 1301 3013 p.
1327 2969 1412 3003 2611
1451 2966 1523 3002 GR.
1548 2966 1677 3003 GODR.
1702 2967 1725 3001 1.
1751 2977 1780 3001 0.

80 3031 115 3064 p.
146 3020 228 3054 1101
265 3019 394 3055 RCHB.
420 3020 469 3055 Ic.
495 3019 519 3055 1.
545 3031 573 3055 c.
599 3019 622 3053 f.
647 3019 758 3053 4301!
801 3018 964 3060 Gracilis,
1008 3015 1143 3060 glabra,
1183 3014 1303 3050 radice
1344 3014 1485 3060 fibrosa,
1527 3014 1626 3049 caule
1667 3018 1784 3048 erecto
