1976 3314
923 130 1014 176 189

115 255 137 289 1.
166 266 194 289 c.
221 266 255 299 p.
281 255 368 289 583!
403 253 446 287 E.
474 252 655 287 Dodonaei
681 253 792 288 VILL.
826 252 967 296 Dauph.
994 251 1064 295 III,
1099 263 1131 296 p.
1159 253 1226 285 507
1252 253 1314 298 (ex
1339 252 1399 296 p.).
1450 251 1577 286 Differt
1610 263 1629 286 a
1662 251 1822 296 praeced.

114 302 308 336 stolonibus
331 301 551 335 brevioribus
577 305 612 334 et
636 300 887 334 crassioribus.
922 299 1023 333 caule
1057 299 1168 341 magis
1202 308 1358 339 ramosO,
1392 298 1486 332 foliis
1519 299 1729 344 linearibus,
1764 301 1821 334 vix

113 349 328 391 reticulatis,
354 358 492 382 racemo
517 347 676 381 breviore
702 353 736 381 et
760 347 869 388 magis
896 345 1075 387 laxifloro,
1101 346 1255 380 bracteis
1282 345 1442 379 omnibus
1470 344 1646 387 foliaceis,
1674 345 1821 381 floribus

114 396 323 435 minoribus,
350 395 480 439 petalis
506 394 774 438 pallidioribus,
801 393 892 437 stylo
919 393 1201 436 staininibusque
1227 392 1466 436 aequilongis,
1492 392 1641 436 capsula
1666 393 1823 436 longiore

113 449 148 477 et
172 443 393 485 angustiore,
420 441 611 475 seminibus
636 440 806 477 obovatis,
833 440 909 474 basi
936 439 1038 483 longe
1064 439 1270 475 attenuatis.
1296 439 1396 483 apice
1424 438 1612 473 rotundato
1631 439 1725 473 haud
1747 451 1825 474 con-

114 490 259 530 strictis,
285 494 378 524 testa
403 487 578 532 pellucide
605 487 789 532 papillosa.

208 546 386 581 Iudicatur
410 547 446 580 in
471 546 648 580 mon!ibus
667 544 949 579 Granatensibus
976 544 1121 588 (Nm),
1147 544 1208 579 sed
1235 543 1340 578 dubia
1364 543 1462 585 civis,
1488 544 1627 579 Galliae
1648 550 1683 580 et
1701 545 1821 579 Germ.

159 594 327 629 australis
352 600 488 629 montes
514 600 670 628 ceterum
696 592 914 626 inhabitans.

488 714 595 758 Trib.
632 714 700 758 IV.
775 712 1161 756 Circaeaceae
1200 711 1328 756 ENDL.
1356 721 1443 756 Gen.

233 813 391 865 Calycis
424 813 542 853 tubus
581 813 683 852 ultra
726 812 905 851 orarium
949 823 1087 862 parum
1131 809 1374 862 productus,
1416 809 1560 850 limbus
1608 810 1820 862 bipartitus

115 871 325 911 deciduus.
389 871 520 910 Petala
553 875 593 909 et
626 870 794 909 stamina
828 868 863 908 2.
929 868 1097 908 Fructus
1131 867 1362 907 bilocularis
1398 881 1431 909 v,
1467 869 1607 908 abortu
1643 868 1822 907 unilocu-

116 929 226 979 laris,
258 929 400 969 loculis
443 929 669 980 l-spermis‚
703 928 931 967 nmturitatc
967 926 1238 967 indebiscens.

230 1020 424 1060 DCCLIII.
487 1019 712 1060 CIRCAEA
749 1019 788 1060 L.
819 1019 917 1060 Gen.
952 1018 1002 1070 pl.
1035 1016 1165 1067 1124,
1198 1017 1288 1058 Bw.
1322 1022 1361 1057 et
1385 1017 1511 1059 Hoox.
1547 1017 1570 1059 l.
1596 1031 1628 1056 c.
1663 1031 1697 1070 p.
1722 1016 1822 1058 793!

116 1079 310 1119 Ascnssas.
345 1084 385 1118 et
417 1079 579 1118 MAGNUS
612 1078 698 1117 Bot.
735 1077 831 1117 Zeit.
864 1090 898 1129 p.
933 1073 1035 1116 745!
1100 1076 1188 1115 Flos
1222 1075 1428 1115 dimerus:
1469 1075 1620 1129 calycis
1655 1077 1824 1116 laciniae

116 1140 139 1176 2
164 1137 353 1187 caducae,
380 1136 510 1188 petala
534 1135 959 1188 eniarginato·biloba.v
983 1147 1071 1173 cum
1096 1133 1332 1173 staminibus
1355 1133 1468 1172 disco
1495 1133 1649 1173 faucem
1675 1134 1824 1187 calycis

115 1195 322 1247 obtegenti
346 1196 510 1234 insert-a.
553 1193 689 1247 Stylus
713 1193 924 1243 ssliformis,
957 1193 1102 1244 stigma
1132 1190 1350 1243 capitatum
1374 1205 1409 1230 v.
1432 1192 1618 1231 bilobum.
1651 1192 1820 1232 Fructus

116 1252 542 1292 ovato-subrotundus
583 1265 617 1291 v.
657 1251 911 1304 pyriformis,
954 1250 1044 1302 pilis
1086 1250 1254 1289 hamatis
1298 1250 1468 1289 vestitus
1513 1249 1743 1301 dispermus
1786 1264 1821 1288 v.

116 1312 256 1350 abortu
290 1323 612 1362 monospermus.
648 1334 699 1337 ——
734 1310 890 1348 Herbae
924 1320 1125 1361 perennes
1160 1307 1442 1358 stoloniferae‚
1475 1308 1580 1347 foliis
1614 1309 1826 1360 oppositis,

115 1369 271 1419 stipulis
305 1369 477 1407 minimis
511 1367 946 1421 glandulaeformibus,
978 1366 1143 1406 floribus
1178 1367 1419 1416 racemosis,
1452 1366 1627 1405 bracteis
1662 1367 1824 1406 minutis

116 1439 150 1465 v.
184 1426 392 1466 subnullis.

261 1529 294 1572 a)
327 1527 513 1562 Fructus
542 1526 825 1570 l-locularis,
861 1529 1122 1571 l-spermus.
1173 1525 1340 1561 Petioli
1367 1526 1500 1569 alati,
1532 1525 1691 1569 glabri.

213 1610 316 1643 3366.
352 1612 395 1644 c.
423 1611 566 1649 alpina
593 1608 633 1642 L.
660 1608 743 1643 Cod.
763 1610 824 1643 65!
852 1608 982 1642 Gonu.
1002 1614 1036 1642 et
1053 1609 1182 1642 GREN.
1209 1608 1232 1646 l,
1252 1618 1279 1641 c.
1306 1619 1339 1652 p.
1361 1608 1445 1642 586!
1475 1607 1617 1641 Ascus
1636 1613 1668 1641 et
1689 1607 1826 1641 MAGN.

118 1657 140 1691 l.
170 1668 198 1692 c.
226 1669 258 1701 p.
285 1658 371 1690 748!
413 1656 468 1690 Fl.
493 1656 573 1690 dan.
598 1656 669 1690 tab.
699 1658 808 1690 1321!
859 1655 1023 1697 Tenella.
1057 1655 1212 1698 fragilis,
1242 1655 1347 1689 ,caule
1374 1660 1492 1688 erecto
1525 1666 1553 1688 v.
1580 1654 1655 1687 basi
1682 1654 1827 1688 adscen-

117 1705 239 1746 dente,
268 1705 380 1737 3—6¹⁴
408 1703 451 1743 l„
486 1702 721 1746 glaberrimo;
756 1702 952 1736 stolonibus
978 1712 1018 1735 ex
1044 1702 1161 1736 axillis
1188 1701 1248 1735 inf.
1275 1701 1522 1746 capillaribus,
1558 1701 1660 1743 longe
1686 1701 1849 1743 lateque.

117 1750 334 1795 repentibus,
361 1749 446 1783 folia
464 1751 599 1784 minuta
617 1749 911 1792 squamaeformia
931 1749 1094 1792 opposita
1113 1754 1248 1783 remota
1265 1748 1469 1791 gerentibus
1492 1756 1525 1782 et
1550 1758 1687 1788 gemma
1713 1748 1827 1781 bulbi-

115 1798 216 1832 i'ormi
252 1798 404 1840 oblonga
437 1796 652 1840 terminatis:
696 1796 789 1830 foliis
826 1795 927 1838 longe
959 1795 1156 1839 petiolatis‚
1196 1795 1377 1835 tenuibus,
1417 1794 1620 1839 pellucidis,
1656 1794 1821 1830 cordatis.

114 1845 271 1879 breviter
295 1844 524 1883 acuminatis,
556 1852 677 1886 grosse
702 1843 873 1881 dentatis,
900 1843 1055 1876 breviter
1081 1848 1116 1877 et
1140 1841 1312 1887 adpresse
1338 1842 1500 1883 hirtulis,
1533 1842 1654 1875 leviter
1678 1841 1825 1884 ciliatis3

115 1901 255 1925 racemo
280 1891 393 1934 brevi,
426 1889 572 1924 floribus
605 1890 759 1924 bracteis
785 1890 929 1924 minutis
957 1889 1131 1924 subulatis
1156 1889 1273 1930 fultis,
1309 1888 1493 1933 pedicellis
1522 1888 1675 1931 glabris,
1707 1888 1827 1922 fructi-

118 1939 200 1973 feris
227 1937 450 1981 divaricatis;
483 1937 615 1982 calycis
646 1938 730 1971 tubo
757 1937 849 1970 ultra
877 1936 1034 1970 ovarium
1063 1937 1119 1970 vix
1152 1936 1342 1980 producto,
1376 1935 1514 1969 laciniis
1540 1935 1641 1980 apice.
1667 1935 1826 1978 rubellis,

114 1992 269 2019 ceterum
289 1988 382 2029 (cum
401 1984 543 2029 petalis)
569 1984 676 2023 alt1is;
705 1984 870 2026 stigmate
889 1983 1065 2028 capitato,
1092 1983 1206 2018 fructu
1226 1982 1577 2027 clavato-pyris<irini,
1604 1982 1686 2026 pilis
1708 1983 1827 2016 hama-

113 2033 159 2067 tis
183 2032 346 2066 brevibus
373 2031 606 2074 mollibusque
631 2031 712 2064 laxe
737 2030 875 2065 vestito.

208 2089 249 2123 In
268 2089 362 2123 silvis
380 2088 555 2123 montanis
574 2088 618 2122 ad
637 2095 779 2122 truncos
799 2087 957 2132 putridos
975 2088 1061 2121 locis
1081 2087 1301 2122 subbumidis
1323 2086 1424 2131 Hisp.
1445 2087 1520 2121 bor.
1539 2087 1670 2121 rarius:
1698 2087 1825 2131 Pyren.

163 2136 286 2180 (B'l'H„
313 2136 449 2174 COLM.,
474 2134 616 2176 GREN.,
642 2135 744 2169 Valle
770 2135 812 2168 de
840 2134 971 2179 Eyncs,
996 2134 1194 2177 Llaurenti,
1220 2135 1362 2171 Amsur,
1390 2134 1527 2177 Cagire,
1554 2133 1669 2175 LAR,
1695 2134 1826 2168 Puerto

161 2183 204 2216 de
230 2184 264 2217 la
288 2182 407 2226 Glere,
433 2182 475 2216 de
501 2183 683 2224 Portillon,
710 2182 863 2226 ZETT.):
892 2181 1002 2216 Catal.
1030 2181 1096 2225 (las
1122 2180 1269 2222 Bordas,
1299 2182 1315 2215 s?
1332 2181 1475 2224 (ΒΓΑ).
1502 2201 1545 2205 -
1578 2189 1614 2221 23.
1641 2180 1722 2214 Jun.
1749 2180 1823 2214 Jul.

162 2231 208 2273 (11.
236 2233 294 2272 v.).

209 2287 299 2321 Hab.
327 2287 361 2320 in
388 2286 483 2321 silvis
510 2286 686 2330 Europae,
712 2285 821 2320 Asiae
847 2290 883 2319 et
908 2286 1028 2319 Amer.
1057 2285 1227 2327 borealis,
1255 2285 1289 2318 in
1316 2295 1387 2328 reg.
1414 2291 1580 2319 montana
1604 2285 1764 2319 silvatica
1791 2290 1825 2320 et

161 2334 297 2378 subalp.
324 2333 490 2378 Europae
515 2333 739 2368 australioris
766 2332 809 2367 ad
836 2332 988 2376 Italiam,
1015 2332 1205 2372 Corsicam,
1232 2331 1324 2365 Gall.
1350 2338 1459 2367 austr.
1485 2338 1520 2366 et
1546 2332 1673 2376 Pyren.
1702 2343 1823 2375 usque.

168 2426 205 2469 b)
244 2425 434 2460 Fructus
464 2425 743 2460 bilocularis.
792 2424 961 2459 Petioli
995 2424 1280 2459 semiteretes
1315 2423 1428 2458 haud
1463 2423 1594 2468 alati,
1629 2424 1768 2466 magis

780 2471 979 2506 minusve
1014 2470 1161 2516 pilosi.

208 2541 340 2576 ?3367.
376 2543 418 2575 C.
446 2543 697 2576 intermedia
722 2541 854 2575 EHRH.
875 2541 983 2576 Beitr.
1003 2539 1063 2584 IV,
1089 2552 1121 2584 p.
1141 2541 1204 2573 42!
1233 2538 1363 2573 Gomt.
1383 2545 1417 2573 et
1435 2538 1564 2573 GREN.
1585 2538 1606 2573 l.
1624 2550 1653 2572 c.
1680 2550 1714 2582 p.
1735 2538 1819 2572 586:

115 2590 260 2623 ASCHS.
287 2593 321 2622 et
347 2588 485 2622 MAGN.
512 2589 534 2624 l.
559 2599 588 2624 C.
623 2601 655 2633 p.
684 2589 771 2623 763!
822 2588 1016 2622 Robustior
1048 2593 1083 2620 et
1115 2586 1243 2620 elatior
1274 2596 1378 2629 quam
1411 2585 1575 2630 praeced.
1611 2585 1676 2629 (72
1698 2587 1759 2617 —1‘
1787 2585 1824 2628 l.)

114 2636 215 2670 caule
239 2635 353 2669 minus
380 2634 512 2679 fragili,
546 2642 681 2678 erecto,
716 2635 839 2670 leviter
870 2633 1288 2678 glanduloso-puberulo:
1322 2632 1519 2667 stolonibus
1552 2631 1823 2669 robustioribus,

115 2693 253 2726 gemma
278 2682 433 2724 longiore
459 2681 677 2725 terminatis;
704 2681 799 2716 soliis
826 2682 929 2724 longe
955 2681 1146 2725 petiolatis,
1172 2679 1326 2714 cordatis
1352 2691 1381 2713 v.
1408 2678 1695 2720 cordato-oratis,
1721 2678 1824 2721 longe

114 2730 337 2772 acuminatis,
363 2738 486 2770 grosse
511 2727 850 2772 repando-dentatis,
877 2728 991 2762 minus
1018 2726 1204 2771 pellucidis
1229 2737 1334 2769 quani
1361 2727 1392 2759 in
1419 2725 1592 2769 praeced.⁷
1620 2735 1724 2769 parce
1751 2725 1822 2759 hir-

115 2776 199 2810 tulis
225 2783 259 2810 et
285 2776 391 2810 dense
417 2775 562 2817 ciliatis,
594 2774 724 2819 petriolo
756 2775 991 2809 canaliculato
1023 2785 1089 2807 non
1124 2774 1240 2816 alato,
1272 2782 1380 2816 supra
1411 2773 1643 2816 pubescente·
1679 2770 1823 2806 floribus

115 2823 308 2866 majoribus
334 2832 438 2866 quam
464 2821 648 2865 praeced,
673 2821 827 2855 bracteis
852 2821 996 2855 minutis
1022 2820 1183 2864 caducis,
1211 2819 1393 2863 pedicellis
1420 2818 1677 2860 glabriusculis,
1704 2819 1825 2852 fructi-

114 2869 200 2904 feris
226 2869 404 2912 refractis3
440 2868 570 2913 calycis
595 2868 679 2902 tubo
715 2867 806 2902 ultro
838 2868 994 2901 ovarium
1027 2866 1215 2911 producto,
1249 2865 1386 2898 laciniis
1418 2864 1563 2909 albidis,
1597 2865 1697 2909 apice
1730 2872 1824 2899 atro-

116 2917 314 2960 purpureis,
341 2915 469 2960 petalis
487 2916 589 2956 albis,
614 2915 779 2958 stigmate
803 2914 927 2948 leviter
950 2914 1087 2951 bilobo:
1113 2916 1229 2947 fructu
1249 2910 1444 2955 pyrum-mi.
1470 2922 1574 2954 quam
1601 2912 1634 2945 in
1660 2911 1822 2955 praeced.

116 2964 264 3006 majore,
300 2962 505 3006 saepissime
531 2967 612 2995 ante
638 2961 879 2995 maturitatem
906 2961 1054 3003 caduco,
1087 2959 1202 2992 loculo
1229 2958 1340 2992 altero
1371 2959 1521 3001 majore,
1556 2958 1638 3002 pilis
1673 2959 1824 2993 hamatis

115 3010 349 3053 (longioribus
375 3019 479 3052 quam
506 3010 540 3043 in
565 3007 742 3052 praeced.)
769 3007 977 3042 densissime
1004 3008 1156 3041 obtecto.
