1976 3314
969 154 1068 198 344

313 284 420 319 saepe
445 273 712 318 suffrutescens,
747 273 906 309 caulibus
940 274 1104 310 brevibus
1140 273 1436 309 adscendentibus
1473 274 1681 319 gracilibus,
1717 273 1865 311 floribus

313 321 520 367 saepissime
543 322 677 364 magnis
701 321 842 366 (6—7¹“
867 320 916 365 l.),
942 331 1023 356 raro
1047 321 1166 367 parvis
1193 320 1263 365 (4⁰⁴
1287 320 1377 365 lat.).
1425 320 1552 357 Variat

313 393 348 416 a.
375 380 576 423 ciliatus,
612 380 855 423 glabrescens,
890 379 1038 425 foliolis,
1076 379 1215 425 stipulis
1240 378 1489 425 calycibusque
1514 380 1595 425 plus
1621 380 1735 414 minus
1760 379 1865 423 longe

384 427 515 462 ciliatis
541 427 594 471 (L.
620 426 759 462 ciliatus
785 426 912 472 TEN,),

316 475 355 516 β.
380 474 584 518 villosus,
611 473 781 518 caulibus,
807 473 899 508 foliis
924 472 1172 517 calycibusque
1198 471 1305 507 dense
1328 483 1359 507 v.
1384 482 1491 517 parce
1514 472 1650 507 villosis
1674 471 1867 507 hirsutisve

384 520 442 565 (L.
468 520 705 555 corniculatus
731 533 765 566 9²-
792 520 952 555 hirsutus
977 519 1114 564 K00H3
1141 519 1267 554 RCHB.
1292 518 1341 553 Ic.
1367 518 1389 553 l.
1408 530 1436 554 c.
1461 524 1486 555 t.
1513 520 1592 563 129,
1616 519 1685 554 III!
1713 518 1754 553 L.
1770 518 1868 554 villo-

385 578 445 602 sus
472 567 649 610 THUILL.,
675 566 716 600 L.
743 566 912 602 stenodon
936 566 1021 600 BSS.
1046 566 1206 600 HELDR.
1232 565 1359 608 Diagn.
1384 565 1432 609 pl.
1457 565 1581 601 orient.
1608 576 1677 600 ser.
1701 566 1749 609 II,
1775 577 1808 600 n.
1835 567 1867 610 2,

383 626 416 658 p.
443 616 505 648 21!
556 613 596 647 L.
623 613 859 648 corniculatus
884 624 920 657 2²·
945 612 1117 648 stenodon
1140 613 1226 648 BSS.
1252 611 1308 646 Fl.
1333 610 1467 647 Orient.
1494 611 1540 657 II,
1565 624 1600 658 p.
1628 613 1714 648 1661
1748 612 1867 647 Losc.

384 661 512 695 PARD.
537 660 627 694 SER.
653 659 779 694 inconf.
806 671 840 703 p.
868 658 965 703 30!);

320 720 354 752 9⁸.
380 707 559 751 alpinus
578 707 660 741 Bss.
678 706 699 740 1.
714 717 754 749 c.,
780 716 901 750 nanus,
927 705 1156 749 caespitosus,
1175 705 1254 750 plus
1267 705 1382 740 minus
1396 704 1522 748 hirtus,
1548 704 1611 739 sed
1623 704 1749 749 virens,
1774 704 1868 740 foliis

383 753 643 796 subsessilibus,
667 751 796 787 foliolis
820 751 951 796 parvis,
976 751 1184 796 pedunculis
1210 761 1316 796 saepe
1336 750 1541 787 1—2—fl0ris
1558 751 1688 796 calycis
1704 751 1868 786 dentibus

382 800 559 835 brevibus.
609 799 738 833 Forma
763 797 805 832 L.
831 798 996 842 glareoso
1021 798 1164 841 glaciali
1190 798 1325 844 similis,
1352 797 1415 834 sed
1439 797 1571 844 calycis
1596 802 1773 834 structura
1799 803 1869 834 sta-

381 847 444 881 tim
469 845 716 889 dignoscenda.

268 903 391 938 Variat
415 903 561 947 insuper
594 901 793 937 foliolorum
828 901 1111 948 stipularumque
1141 902 1400 946 magnitudine,
1433 901 1581 939 floribus
1604 901 1810 938 brevissime
1836 906 1871 937 et

176 950 260 985 satis
284 949 386 993 longe
411 949 633 994 pedicellatis
659 948 844 994 (pedicello
868 949 1046 984 interdum
1070 948 1201 994 calycis
1226 950 1350 984 tubum
1374 954 1549 994 aequante
1575 954 1637 985 aut
1654 949 1870 994 superante),

174 996 294 1041 calyce
317 996 498 1032 concolore
523 1001 559 1031 et
581 996 809 1041 rubro-picto,
833 996 962 1031 vexillo
987 995 1080 1032 flavo
1106 1001 1142 1031 et
1165 996 1385 1041 rubro-picto
1409 1001 1475 1032 etc.

267 1054 308 1088 In
331 1053 420 1088 locis
445 1053 668 1097 graminosis,
693 1053 877 1097 glareosis,
902 1053 1071 1098 arenosis,
1097 1054 1333 1099 rupestribus,
1359 1053 1466 1089 cultis
1490 1063 1556 1099 per
1580 1062 1718 1088 omnem
1742 1052 1869 1097 Hispa-

220 1100 333 1142 niam,
368 1100 557 1144 praecipue
582 1101 619 1135 in
643 1101 785 1144 regione
810 1100 976 1136 inferiore
1001 1106 1037 1135 et
1060 1105 1245 1145 montana,
1282 1101 1317 1135 in
1341 1100 1531 1146 provinciis
1554 1099 1774 1135 australibus
1802 1110 1872 1134 non

221 1147 288 1182 nisi
313 1147 348 1180 in
373 1147 442 1181 hac
466 1152 573 1190 atque
596 1148 741 1189 regione
765 1147 901 1192 alpina:
927 1157 959 1182 a.
977 1159 1012 1182 α.
1037 1147 1229 1192 praecipue
1252 1148 1288 1182 in
1312 1147 1500 1191 provinciis
1524 1146 1726 1182 borealibus
1753 1150 1788 1180 et
1810 1145 1871 1180 bo-

220 1192 570 1238 reali-orientalibus,
597 1193 659 1228 sed
684 1193 800 1228 adhuc
826 1195 863 1228 in
887 1194 1030 1237 regione
1056 1194 1203 1229 littorali
1228 1194 1328 1237 regni
1346 1193 1526 1229 Valentini
1551 1193 1611 1238 (ad
1627 1193 1744 1228 lacum
1761 1192 1871 1227 Albu-

221 1241 307 1283 fera,
333 1239 436 1284 WK.)
463 1244 498 1274 et
522 1239 672 1276 Granat.
698 1240 823 1285 (prope
836 1240 1033 1284 Frigiliana
1056 1240 1094 1275 in
1119 1252 1216 1286 prov.
1242 1240 1472 1285 Malacitana,
1498 1239 1617 1285 WK.),
1641 1250 1672 1275 a.
1691 1242 1727 1281 β.
1754 1239 1789 1273 in
1807 1238 1870 1274 Ca-

220 1287 324 1322 stella
349 1297 437 1321 nova
461 1287 578 1330 (juxta
602 1286 785 1322 Ment1·ida
809 1287 846 1322 in
870 1292 984 1323 tractu
1010 1288 1148 1333 Arroyo
1166 1287 1208 1322 de
1223 1287 1474 1333 Valdegotera,
1500 1286 1607 1332 CAV.,
1632 1298 1685 1332 pr.
1713 1286 1871 1331 Ciempo-

219 1333 348 1376 zuelos,
373 1333 501 1378 ΕΘΗ),
526 1333 728 1377 Aragoniae
754 1334 903 1370 australi
928 1334 1094 1379 (LOSG.!)
1121 1339 1156 1369 et
1179 1335 1279 1378 regni
1296 1333 1443 1370 Granat.
1468 1335 1517 1379 (in
1541 1334 1632 1369 valle
1656 1333 1736 1369 fluv.
1755 1333 1870 1368 Darro

220 1391 272 1425 pr.
299 1379 510 1421 Granatam,
537 1379 581 1415 ad
608 1380 866 1424 aquaeductum
893 1381 1127 1424 Alhambrae,
1154 1381 1278 1425 WK.);
1316 1381 1348 1416 b.
1375 1381 1410 1415 in
1435 1380 1571 1416 Gallec.
1599 1379 1660 1425 (ad
1687 1380 1719 1415 el
1744 1380 1774 1414 F
1777 1380 1871 1415 errol

219 1432 255 1462 et
279 1426 407 1461 Caldas
433 1426 475 1461 de
500 1426 628 1471 Reyes,
654 1427 837 1463 SEOANE!
862 1427 1105 1470 Villaescara,
1132 1427 1286 1473 PLAN.),
1312 1427 1406 1463 Cast.
1432 1438 1522 1462 nova
1546 1428 1612 1473 (pr.
1638 1427 1672 1461 el
1696 1426 1871 1470 Escorial,

220 1473 331 1517 LGE.,
356 1473 388 1507 el
404 1473 531 1517 Pardo,
557 1474 592 1507 in
617 1483 701 1517 agro
726 1474 952 1519 Madritensi,
978 1474 1182 1519 SEOANE1)
1208 1479 1243 1510 et
1266 1485 1375 1518 regno
1400 1475 1515 1509 Murc.
1541 1475 1583 1519 (c.
1610 1473 1777 1518 Alhama,
1804 1473 1872 1508 To-

220 1526 325 1564 tana,
351 1519 517 1563 GUIR.!);
556 1530 585 1554 c.
612 1521 657 1555 ad
680 1520 802 1556 littora
826 1520 957 1556 Oceani
982 1533 1035 1566 pr.
1061 1521 1260 1556 Santander
1285 1526 1320 1556 et
1345 1521 1399 1556 La
1424 1521 1566 1556 Corufia
1590 1520 1737 1565 (LGE.);
1777 1519 1809 1555 d.
1836 1532 1871 1554 α.

222 1572 258 1601 et
284 1566 322 1604 β.
350 1567 432 1601 hinc
457 1567 538 1601 inde
563 1577 626 1611 per
650 1577 786 1602 omnem
814 1567 889 1602 sine
914 1568 1018 1603 dubio
1042 1568 1271 1612 Hispaniam,
1296 1580 1327 1602 v.
1353 1579 1380 1603 c.
1408 1568 1445 1603 in
1470 1569 1624 1611 Aragon.
1650 1567 1783 1602 boreali
1809 1566 1872 1610 (in-

221 1619 277 1647 ter
301 1612 391 1648 Jaca
415 1618 450 1648 et
474 1613 507 1648 S.
534 1613 628 1648 Juan
654 1613 697 1648 de
722 1614 758 1648 la
781 1616 886 1658 peria,
913 1614 1026 1658 WK.),
1052 1614 1203 1650 australi
1227 1614 1382 1659 (Sierras
1407 1614 1450 1649 de
1474 1614 1658 1650 Belmonte
1683 1618 1719 1649 et
1743 1613 1872 1648 Torre-

221 1658 350 1705 velilla,
374 1659 509 1695 Losa!
537 1660 702 1696 Desierto
726 1660 768 1695 de
793 1660 962 1706 Calanda,
988 1661 1033 1696 ad
1058 1661 1193 1704 Virgen
1218 1661 1261 1696 de
1285 1661 1410 1696 Balma
1434 1666 1541 1705 atque
1565 1660 1611 1695 ad
1637 1671 1771 1696 summa
1784 1660 1872 1704 juga

222 1706 390 1740 montium
415 1718 466 1750 pr.
493 1706 725 1742 Valderobles
750 1717 871 1752 usque,
894 1707 1014 1744 LOSO.
1039 1708 1195 1752 PARD.),
1221 1718 1329 1752 regno
1354 1707 1494 1743 Valent.
1521 1707 1659 1752 (Sierra
1683 1706 1726 1742 de
1752 1707 1872 1752 Chiva,

222 1752 340 1796 WK.),
363 1752 509 1787 Granat.
534 1752 670 1797 (Sierra
693 1753 735 1788 de
761 1753 915 1799 Jarana,
941 1754 986 1789 ad
1010 1754 1071 1790 alt.
1098 1756 1285 1800 4-5000¹,
1312 1753 1430 1799 WK.),
1469 1754 1676 1790 Extremad.
1702 1754 1756 1799 (in
1781 1753 1873 1788 valle

223 1797 260 1832 fl.
285 1798 385 1832 Jerte
410 1809 463 1842 pr.
490 1799 695 1844 Plasencia,
734 1800 937 1845 BOURG.!);
973 1801 1005 1835 d.
1031 1813 1067 1847 3⁸·
1092 1801 1129 1836 in
1153 1801 1282 1847 Pyren.
1307 1801 1511 1845 Aragoniae
1549 1801 1694 1846 (Puerto
1718 1800 1761 1836 de
1786 1800 1874 1836 Can-

221 1844 333 1889 franc,
358 1844 474 1889 WK.).
502 1865 546 1869 ——
574 1854 608 1886 21.
634 1846 878 1891 Apr.—Junio
904 1848 948 1891 (v.
974 1847 1033 1892 V.).

222 1901 538 1983 NHabHsplecdin
564 1904 656 1938 omni
681 1903 837 1949 Europa,
863 1904 1018 1949 Oriente,
1043 1904 1133 1940 Asia
1161 1904 1309 1948 boreali,
1332 1904 1499 1950 Japonia,
1523 1904 1636 1950 India,
1660 1904 1872 1950 Abessynia‚

259 1959 323 1983 ova
382 1960 400 1983 o
431 1959 474 1983 an
502 1960 546 1984 1a.

268 2006 443 2041 Observ.
492 2006 533 2042 L.
559 2007 890 2051 pedunculatus
917 2008 1014 2043 CAV.
1046 2019 1089 2043 ex
1120 2009 1221 2044 icone
1246 2013 1281 2044 et
1305 2008 1542 2054 descriptione
1568 2019 1589 2044 a
1613 2014 1736 2045 nostra
1758 2009 1873 2045 forma

222 2052 326 2095 longe
349 2052 586 2097 pedunculata
609 2053 728 2089 foliolo
753 2054 916 2090 foliorum
939 2055 1055 2090 medio
1080 2054 1323 2091 Melilotorum
1358 2066 1454 2091 more
1480 2055 1697 2099 longiuscule
1722 2056 1872 2100 petiolu-

222 2099 306 2143 lato,
331 2099 460 2133 foliolis
484 2099 689 2135 lanceolatis
713 2101 813 2136 valde
834 2101 958 2146 acutis,
983 2101 1113 2137 vexillo
1138 2102 1316 2147 apiculato
1341 2107 1377 2137 et
1401 2102 1501 2137 caule
1527 2103 1669 2138 robusto
1695 2103 1782 2138 satis
1807 2102 1872 2137 dif-

222 2145 301 2180 fert.
351 2146 469 2181 Caulis
494 2156 513 2180 e
539 2146 704 2192 descript.
729 2147 936 2193 herbaceus,
961 2148 1159 2194 tripedalis,
1185 2149 1430 2194 glaberrimus,
1456 2154 1494 2184 ut
1518 2153 1594 2184 tota
1619 2149 1752 2194 planta.
1783 2149 1871 2184 For-

222 2196 319 2226 tasse
345 2193 462 2236 potius
484 2192 690 2228 referendus
715 2194 780 2228 erit
804 2193 849 2228 ad
873 2194 914 2229 L.
940 2195 1151 2238 uliginosum
1176 2196 1308 2239 SCHK.,
1333 2196 1369 2230 in
1393 2196 1494 2240 cujus
1519 2195 1614 2231 foliis
1637 2195 1796 2232 foliolum
1820 2196 1870 2230 in-

222 2238 431 2318 ῖειᾙίῗᾶίωη
465 2239 635 2319 petiolulo
670 2240 713 2275 iis
745 2239 895 2275 foliolor.
928 2241 1128 2277 lateralium
1162 2242 1266 2287 paulo
1298 2243 1454 2287 longiore
1492 2242 1663 2277 munitum
1699 2247 1736 2278 et
1770 2243 1871 2287 cujus

221 2294 299 2319 vein
329 2296 385 2318 um
411 2296 475 2320 ova
492 2295 510 2320 e
535 2291 598 2321 est.

270 2342 372 2377 3720.
421 2344 466 2376 1..
491 2344 740 2377 tenuifolius
765 2342 890 2379 RCHB.
915 2343 970 2380 Fl.
996 2354 1071 2379 exc.
1097 2356 1132 2390 p.
1159 2346 1242 2380 506!
1269 2345 1315 2381 Ic.
1341 2345 1363 2380 l.
1390 2357 1419 2381 c.
1444 2350 1468 2381 t.
1497 2346 1574 2390 130,
1599 2345 1665 2380 ΙΙΙ.
1692 2346 1758 2381 IV!
1784 2346 1869 2380 BSS.

177 2386 233 2420 Fl.
259 2386 391 2422 Orient.
409 2387 458 2431 II,
484 2401 518 2432 p.
539 2390 620 2423 166!
647 2388 701 2432 (L.
727 2389 964 2425 corniculatus
979 2393 1015 2432 β.
1034 2391 1239 2428 tenuifolius
1254 2391 1307 2435 L„
1333 2392 1374 2426 L.
1392 2393 1508 2428 tenuis
1526 2392 1624 2438 KJT.,
1650 2392 1721 2428 GR.
1740 2393 1870 2428 GODR.

176 2433 198 2466 l.
225 2443 254 2467 c.
289 2445 323 2478 p.
349 2435 435 2469 432!
483 2435 523 2469 L.
562 2434 773 2471 decumbens
806 2436 911 2480 Engl.
946 2437 1017 2472 bot.
1048 2442 1072 2472 t.
1107 2439 1198 2472 2615
1232 2443 1267 2474 et
1299 2439 1473 2483 probabil.
1505 2440 1617 2475 POIR.
1653 2439 1747 2476 Dict.
1780 2444 1871 2475 teste

177 2479 307 2533 BOISs.
332 2479 354 2515 l.
380 2480 437 2533 c.).
486 2480 614 2516 Differt
639 2492 660 2515 a
685 2483 800 2527 specie
824 2483 1007 2528 praeced,
1034 2484 1089 2518 cui
1114 2485 1239 2520 habitu
1263 2485 1364 2520 valde
1389 2486 1533 2531 similis,
1555 2486 1687 2522 foliolis
1713 2486 1870 2532 stipulis-

177 2535 244 2569 que
269 2526 621 2563 hnearl-lanceolatis
646 2529 770 2574 acutis,
796 2528 958 2565 dentibus
971 2530 1139 2575 calycinis
1151 2531 1338 2567 latioribus
1353 2533 1482 2568 sensim
1495 2533 1660 2578 acutatis,
1685 2532 1751 2568 alis
1769 2533 1870 2577 apice

177 2572 370 2608 rotundatis
404 2575 561 2617 margine
591 2574 758 2611 inferiore
789 2576 1016 2621 rectiusculo,
1050 2576 1285 2621 leguminibus
1310 2579 1529 2615 tenuioribus
1553 2579 1869 2623 gracilioribusque

177 2623 212 2653 et
238 2620 427 2672 seminibus
447 2621 653 2673 minoribus.
682 2642 723 2646 —
749 2621 922 2666 Gracilis,
959 2622 1081 2666 glaber
1105 2636 1136 2658 v.
1162 2625 1371 2671 pubescens,
1397 2626 1556 2661 caulibus
1581 2626 1868 2661 decumbentibus

175 2677 206 2699 v.
231 2667 491 2712 erectlusculis,
516 2667 725 2712 pedunculis
749 2668 973 2705 filiformibus
1001 2670 1223 2714 1—5-floris,
1258 2671 1342 2707 folio
1366 2673 1476 2708 multo
1501 2672 1734 2717 longioribus,
1767 2673 1869 2718 apice

176 2712 278 2764 nudis
315 2725 350 2794 vt
380 2713 504 2748 folium
541 2714 717 2750 bracteale
751 2725 899 2760 parvum
935 2716 1151 2759 gerentibus.
1211 2718 1336 2753 Flores
1372 2719 1581 2755 exsiccando
1620 2730 1689 2754 non
1730 2729 1869 2764 semper

174 2768 333 2793 Vlrescun
354 2787 360 2793 .

269 2815 360 2850 Hinc
382 2816 464 2851 inde
489 2818 523 2851 in
550 2817 637 2853 locis
661 2817 891 2861 salsuginosis
915 2819 1159 2865 praecedente,
1185 2825 1222 2856 ut
1246 2821 1395 2865 videtur,
1420 2823 1528 2858 multo
1551 2823 1678 2858 rarior:
1709 2823 1745 2857 in
1771 2823 1867 2860 Cast.

224 2871 311 2895 nova
336 2862 401 2906 (pr.
416 2863 599 2899 Colmenar
623 2864 666 2899 de
683 2864 800 2909 Oreja,
825 2865 944 2910 OUT.),
969 2866 1122 2910 Aragon.
1147 2868 1297 2904 australi
1321 2869 1453 2914 (LOSO.
1463 2869 1497 2914 1),
1522 2868 1567 2905 ad
1591 2868 1714 2905 littora
1736 2869 1868 2907 Oceani

224 2918 277 2950 pr.
302 2907 338 2941 la
361 2908 499 2944 Corufia
524 2910 660 2956 (LGE.).
690 2932 730 2936 —
758 2919 793 2952 ιι.
819 2911 1041 2956 Jun.-Aug.
1067 2913 1110 2957 (v.
1136 2914 1190 2958 s.).

270 2963 360 2999 Hab.
385 2966 466 3001 hinc
490 2967 570 3020 inde
594 2969 630 3003 in
653 2968 740 3005 locis
766 2967 973 3014 salsuginos.
1001 2975 1107 3016 atque
1137 2971 1183 3007 ad
1210 2971 1333 3009 littora
1356 2972 1465 3009 totius
1482 2972 1660 3020 Europae,
1684 2974 1722 3010 in
1742 2975 1867 3012 Africa

225 3021 361 3055 quoque
384 3012 518 3048 boreali
542 3020 578 3050 et
601 3015 688 3051 Asia
713 3015 839 3051 media.
