1976 3314
981 71 1076 117 120

220 191 394 282 {peusin
421 190 557 280 [1)852]‚
590 202 642 236 pr.
676 191 709 228 S.
736 192 860 237 Felipe
886 192 928 227 de
953 192 1091 234 sativa,
1125 193 1274 238 Boiss.,
1308 194 1451 233 Reum!
1477 194 1623 240 [1865].)
1655 216 1695 221 —
1725 203 1759 235 a.
1785 196 1872 241 Apr.

267 248 325 282 ajo
365 249 395 272 v.
420 249 451 271 v.
472 264 479 271 .

267 308 370 341 3202.
419 308 458 341 S.
482 308 775 348 latepetiolata
803 307 889 343 WK.
916 308 1008 343 ined.
1034 309 1082 353 (S.
1108 308 1329 352 geranioides
1356 311 1393 351 β.
1418 309 1554 353 irrigua
1572 310 1660 345 WK.
1689 311 1766 346 Bot.
1786 312 1874 346 Zeit.

175 354 197 388 l.
223 364 266 398 c.‚
291 364 360 388 non
384 352 426 388 L.
453 363 517 388 nec
541 353 642 397 Ser).
691 354 862 395 Robusta,
887 354 1385 397 arachnoideo-villosissima,
1409 356 1562 401 viscida,
1589 358 1783 392 rhizomate
1808 369 1874 392 non

175 399 392 435 bulbillifero
418 399 479 434 sed
504 400 642 435 rosulas
672 400 817 436 foliosas
849 401 1082 437 dendissimas
1116 402 1259 445 edente,
1292 413 1311 436 e
1336 403 1436 446 cujus
1461 408 1580 438 centro
1606 404 1720 447 surgit
1746 405 1874 448 caulis;

175 446 270 483 foliis
294 446 490 482 rosularum
513 446 616 489 longe
636 448 831 492 petiolatis,
856 448 1005 483 vetustis
1024 448 1178 487 reflexis,
1204 449 1346 493 petiolis
1365 449 1506 489 crassis,
1531 451 1602 484 late
1619 451 1874 495 vaginantibus,

175 494 248 529 late
272 493 389 533 alatis,
416 503 523 537 supra
546 493 661 538 planis
687 494 857 538 valdeque
880 495 1047 530 carinatis
1065 496 1190 530 subtus
1208 495 1382 540 convexis,
1406 496 1623 539 rubentibus,
1650 497 1756 531 limbo
1783 498 1875 532 reni-

175 540 278 575 formi
302 539 492 583 tripartito,
518 540 766 583 partitionibus
791 541 999 576 lateralibus
1026 542 1392 583 furcato-bi-trilobis,
1418 542 1534 576 media
1559 543 1730 587 profunde
1754 544 1877 578 tricre-

176 591 282 627 nata,
312 586 403 620 lobis
428 586 635 621 lateralibus
661 587 831 627 crenatis,
866 587 981 622 crenis
1006 587 1088 623 latis
1114 588 1347 624 obtusissimis
1377 589 1648 633 mucronulatis3
1684 590 1784 624 caule
1809 592 1876 624 6—

181 634 247 667 10¹¹
273 633 296 668 1.
322 637 438 667 erecto
464 643 583 668 crasso
609 633 768 677 rubente,
794 645 816 668 a
840 634 918 668 basi
942 635 1062 678 patule
1087 645 1237 675 ramoso,
1262 636 1371 669 ramis
1396 635 1604 679 pedunculis
1629 637 1877 681 calycibusque

175 679 408 714 villosissimis
433 684 469 714 et
494 679 1010 724 glanduloso-pubescentibus,
1044 681 1103 716 fol.
1129 682 1278 716 caulinis
1302 681 1432 716 infimis
1457 693 1535 717 cum
1559 683 1772 718 basilaribus
1798 694 1877 718 con-

176 726 364 769 formibus,
399 725 523 760 mediis
554 727 843 770 brevepetiolatis
869 726 1080 770 tripartitis,
1113 728 1302 772 partitione
1326 728 1442 762 media
1467 729 1705 763 subrhombea
1729 730 1878 773 integra,

178 772 323 808 summis
347 772 494 815 integris
520 772 747 815 lanceolatis,
781 773 933 808 bracteis
959 774 1169 818 linearibus3
1204 774 1350 809 floribus
1376 776 1571 810 numerosis
1595 776 1879 821 brevepeduncu-

177 820 260 855 latis
285 819 432 863 erectis,
465 820 857 864 corymboso-cymosis,
893 820 1024 865 sepalis
1058 820 1218 864 oblongis
1244 827 1320 856 toro
1346 822 1628 866 hemisphaerico
1652 823 1879 866 longioribus,

178 865 307 912 petalis
337 865 456 910 calyce
487 865 660 909 subtriplo
695 866 909 909 longioribus
942 868 1100 902 cuneatis
1137 868 1480 911 breveunguiculatis
1513 869 1743 914 triplinerviis
1776 870 1879 913 albis,

178 910 387 948 staminibus
413 912 535 955 sepala
560 923 687 957 parum
713 913 973 958 superantibus,
998 914 1158 949 antlieris
1176 915 1297 954 ovatis,
1325 915 1425 960 stylis
1447 915 1567 960 calyce
1593 915 1880 951 subbrevioribus

177 959 317 994 erectis.
346 978 387 983 —-
412 957 555 1002 Species
579 959 680 993 valde
705 960 864 1003 insignis,
890 960 984 996 foliis
1008 961 1368 996 cinereo-virentibus.

269 1015 326 1051 Ad
350 1025 457 1060 rupes
482 1026 615 1050 cacum.
641 1016 748 1051 Cerro
775 1017 817 1051 de
843 1017 914 1052 Sta.
933 1018 1053 1052 Maria
1077 1018 1113 1052 in
1138 1019 1236 1062 regni
1263 1019 1401 1053 Valent.
1427 1024 1545 1054 monte
1571 1020 1603 1053 S.
1631 1019 1672 1054 de
1698 1020 1809 1054 Chiva
1834 1020 1879 1054 ad

222 1064 341 1154 pidauro).
368 1062 470 1096 5000‘
500 1063 537 1096 in
561 1064 734 1098 consortio
760 1064 1004 1108 praecedentis
1030 1065 1217 1100 rarissima
1247 1066 1349 1110 (WK.
1379 1066 1497 1110 1844).
1525 1086 1566 1091 —
1599 1073 1634 1107 a.
1662 1066 1770 1110 Majo.
1796 1066 1879 1100 Jun.

270 1180 372 1213 3203.
422 1180 460 1212 S.
487 1180 726 1219 Carpetana
750 1179 837 1215 BSS.
864 1179 990 1214 REUT.
1017 1180 1142 1224 Diagn.
1168 1181 1216 1225 pl.
1243 1192 1319 1215 nov,
1346 1181 1485 1225 hispan.
1512 1193 1545 1225 p.
1576 1183 1633 1215 12!
1671 1182 1722 1223 (S.
1748 1182 1882 1216 veroni-

175 1225 325 1261 caefolia
349 1225 446 1259 DUF.
472 1225 507 1258 in
532 1225 624 1259 Bull.
651 1236 719 1260 soc.
746 1226 814 1260 bot.
840 1225 901 1259 Fr.
929 1226 1009 1270 VII,
1037 1239 1068 1271 p.
1097 1229 1163 1261 325
1177 1228 1208 1271 22)
1260 1227 1671 1269 »Glanduloso-viscosa,
1703 1227 1820 1263 radice
1846 1229 1881 1262 in

175 1273 322 1308 bulbum
347 1272 543 1317 simplicem
568 1271 820 1316 pedicellatum
837 1272 973 1315 vaginis
998 1274 1278 1309 membranaceis
1304 1275 1455 1309 cinctum
1480 1275 1642 1313 abeunte,
1667 1274 1762 1309 foliis
1788 1274 1884 1309 radi-

176 1320 313 1354 calibus
338 1318 518 1363 petiolatis
552 1318 768 1361 rotundatis,
805 1319 1246 1363 9-7-dentato-crenatis,
1281 1321 1445 1355 dentibus
1480 1320 1695 1365 rotundatis,
1731 1321 1882 1356 caulinis

178 1366 362 1402 sessilibus
388 1364 774 1410 subamplexicaulibus
799 1366 969 1411 oblongis,
995 1367 1271 1411 triangularibus
1297 1368 1375 1402 basi
1401 1368 1573 1412 profunde
1592 1368 1755 1405 dentatis.
1781 1369 1882 1403 caule

177 1412 331 1457 simplici
368 1417 502 1456 erect03
543 1411 808 1447 infiorescentia
844 1412 1045 1447 dichotoma
1083 1415 1234 1458 simplici
1272 1414 1485 1459 pauciflora,
1525 1414 1671 1449 floribus
1709 1415 1883 1459 pedicello

176 1460 298 1505 calyce
324 1459 483 1493 breviore
509 1458 674 1502 suffultis,
700 1459 819 1503 calyce
845 1460 949 1503 (toro)
974 1460 1259 1506 hemisphaerico
1285 1462 1383 1504 nigro
1409 1461 1634 1505 glanduloso,
1661 1461 1704 1495 ad
1731 1462 1882 1496 medium

178 1517 290 1550 usque
316 1506 352 1539 in
377 1505 525 1539 lacinias
552 1505 702 1550 (scpala)
727 1507 872 1541 obtusas
907 1506 1036 1550 diviso,
1068 1508 1198 1552 petalis
1230 1508 1391 1550 oblongis
1417 1508 1508 1542 albis
1535 1508 1654 1552 calyce
1679 1509 1785 1552 triplo
1810 1509 1884 1542 lon-

176 1552 352 1597 gioribus3
389 1552 614 1596 stigmatibus
649 1552 865 1597 spathulatis
898 1553 1100 1598 papillosis,
1135 1555 1282 1599 capsula
1310 1555 1523 1598 subglobosa
1554 1555 1673 1599 calyce
1700 1565 1742 1590 ea
1773 1555 1881 1599 triplo

181 1600 340 1634 breviore
367 1603 567 1634 coronata«
618 1598 703 1633 BSS.
727 1598 853 1634 REUT.
879 1599 901 1633 l.
928 1611 956 1634 c.

271 1657 313 1691 In
338 1658 480 1702 pascuis
506 1657 609 1692 siccis
635 1658 793 1692 arenosis
818 1658 970 1701 regionis
996 1658 1150 1693 inferior.
1169 1663 1205 1692 et
1221 1663 1326 1692 mont.
1347 1658 1524 1693 Castellae
1543 1658 1662 1692 Novae
1689 1657 1747 1702 (ad
1771 1658 1880 1694 radic.

223 1703 365 1739 Sierrae
389 1703 432 1738 de
457 1703 703 1738 Guadarrama
728 1704 771 1739 (c.
798 1704 1111 1750 Colmenar-viejo,
1137 1705 1281 1749 REUT.,
1311 1705 1501 1749 Vifiuelas,
1528 1704 1689 1747 Cadalso,
1715 1705 1884 1750 Cardoso,

225 1750 328 1836 CU'rii
352 1750 841 1841 αΑΞοωΕὲἑέξηῶιᾶνΙζυθνῑο
867 1751 923 1785 del
948 1751 1044 1797 Pico,
1071 1763 1099 1786 c.
1126 1752 1158 1786 el
1184 1752 1319 1796 Pardo,
1347 1751 1438 1787 Casa
1462 1751 1504 1786 de
1531 1751 1681 1796 Campo,
1707 1751 1880 1796 GRLLS.).

232 1817 277 1822 --
334 1824 341 1830 .
400 1808 453 1842 pr.
582 1825 588 1831 .
657 1825 662 1830 .
711 1825 717 1831 .

272 1877 374 1911 3204.
425 1879 464 1911 S.
489 1878 724 1911 Arundana
748 1877 834 1911 BSS.
860 1877 948 1922 Voy.
974 1878 1045 1912 bot.
1071 1878 1158 1922 Esp.
1192 1890 1225 1922 p.
1253 1880 1341 1920 233,
1366 1882 1390 1912 t.
1417 1879 1481 1913 64!
1521 1877 1567 1921 (S.
1596 1878 1784 1921 granulata
1811 1890 1885 1913 var·

177 1923 348 1967 gracilior
373 1923 470 1958 LGE.
490 1923 576 1966 Pug.
596 1935 631 1968 p.
649 1925 736 1958 247!
764 1923 797 1958 S.
824 1924 1010 1968 hispanica
1035 1924 1146 1959 Coss.
1173 1924 1263 1959 ined.
1290 1935 1345 1968 ap.
1361 1925 1516 1959 BOURG.
1542 1924 1589 1968 pl.
1616 1935 1689 1959 exs.
1708 1936 1740 1959 n.
1763 1925 1886 1968 11813)

179 1969 598 2015 Glanduloso-puberula,
622 1970 769 2013 viscosa,
796 1970 992 2005 rhizomate
1018 1971 1052 2004 in
1078 1971 1222 2005 bulbum
1249 1971 1498 2016 pedicellatum
1516 1971 1651 2013 vaginis
1668 1973 1887 2006 membrana-

177 2016 249 2052 ceis
275 2017 428 2051 cinctum
446 2017 595 2051 abeunte
613 2022 675 2051 aut
698 2017 733 2050 in
752 2017 872 2051 axillis
889 2018 1096 2060 vaginarum
1114 2018 1276 2051 foliorum
1303 2017 1501 2052 infimorum
1527 2017 1693 2052 bulbillos
1719 2024 1881 2062 gerente3

178 2063 280 2098 caule
309 2063 423 2097 1—6¹¹
448 2063 471 2097 1.
497 2063 622 2107 gracili
648 2070 764 2098 erecto
791 2064 953 2108 simplici,
980 2075 1116 2108 cymam
1141 2063 1371 2108 paucifloram
1393 2064 1586 2108 capitatam
1613 2065 1766 2109 ferente,
1792 2065 1886 2100 foliis

179 2110 253 2145 fere
278 2110 438 2145 omnibus
463 2110 688 2154 basilaribus,
716 2110 773 2144 his
798 2111 968 2145 rosulatis
993 2111 1211 2153 longiuscule
1229 2110 1417 2155 petiolatis,
1444 2111 1575 2155 petiolo
1601 2112 1697 2145 tenui
1723 2118 1885 2155 augusto,

178 2156 287 2192 limbo
312 2156 673 2201 cordato-rotundato,
699 2156 871 2200 profunde
897 2157 1323 2202 5—-6-palmato-partito,
1353 2157 1606 2201 partitionibus
1630 2158 1778 2200 integris
1803 2158 1885 2192 den-

179 2203 323 2247 tatisve,
349 2203 569 2238 intermediis
596 2203 832 2248 spathulatis,
867 2204 926 2238 fol⁴
954 2204 1103 2239 caulinis
1128 2204 1271 2238 remotis
1297 2204 1453 2248 parvulis
1479 2203 1665 2238 sessilibus
1691 2205 1884 2249 tripartitis

177 2250 388 2295 integrisve;
414 2249 562 2285 floribus
580 2250 736 2285 breviter
754 2250 978 2294 pedicellatis
997 2251 1073 2293 (nec
1094 2250 1310 2294 sessilibus!)
1336 2251 1474 2293 erectis,
1498 2249 1681 2294 pedicellis
1708 2252 1885 2295 tenuibus,

179 2297 312 2342 sepalis
337 2297 408 2332 late
433 2296 642 2332 lanceolatis
667 2302 744 2332 toro
770 2297 1055 2341 hemisphaerico
1082 2297 1374 2341 sublongioribus,
1402 2297 1531 2342 petalis
1556 2297 1883 2341 obovato-oblongis

178 2342 473 2387 exunguiculatis,
499 2343 619 2388 calyce
637 2342 742 2387 duplo
765 2344 993 2388 longioribus,
1019 2344 1161 2388 patulis,
1187 2344 1277 2379 albis
1301 2349 1363 2378 aut
1387 2343 1518 2388 pallide
1544 2344 1665 2384 roseis,
1692 2345 1883 2389 trinerviis,
1912 2379 1915 2381 ,

179 2390 344 2435 utrinque
369 2390 576 2435 papillosis3
603 2390 813 2425 staminibus
839 2390 995 2435 calycem
1015 2391 1072 2425 vix
1090 2391 1351 2433 excedentibus,
1378 2390 1536 2425 autheris
1555 2390 1882 2434 ovoideo-globosis,

179 2437 298 2473 ovatio
314 2436 444 2472 vertice
462 2436 643 2481 depresso,
667 2436 767 2482 stylis
786 2437 1011 2481 abbreviatis,
1031 2438 1258 2480 stigmatibus
1275 2437 1710 2481 orbiculari·spathulatis,
1737 2438 1887 2482 capsula

178 2483 316 2519 inclusa
340 2488 471 2519 erecta.
488 2503 530 2508 -—
556 2483 589 2518 S.
616 2483 855 2528 hispanica
872 2483 981 2518 COSS.
1009 2484 1057 2518 nil
1084 2490 1139 2519 est
1164 2484 1231 2519 nisi
1253 2483 1366 2518 forma
1385 2484 1540 2519 serotina
1564 2484 1742 2519 robustior
1766 2485 1881 2519 minus

179 2530 400 2574 glandulosa.

271 2589 314 2623 In
347 2587 572 2633 rupestribus
604 2587 846 2631 glareosisque
881 2587 1034 2631 regionis
1069 2592 1176 2623 mont.
1208 2593 1243 2622 et
1275 2588 1415 2631 alpinae
1450 2588 1550 2631 regni
1575 2587 1722 2622 Granat.
1752 2588 1885 2631 passim

228 2634 363 2679 (Sierra
388 2635 430 2670 de
455 2635 647 2679 Yunquera
671 2635 716 2669 ad
746 2634 807 2669 alt.
834 2636 938 2668 6500‘
963 2644 1090 2678 usque,
1122 2635 1226 2675 Ess,
1260 2634 1402 2669 REUT.!
1439 2635 1473 2669 S.
1501 2635 1542 2669 de
1569 2635 1683 2676 Baza,
1709 2634 1885 2669 BOURG.!

227 2681 335 2717 Cerro
360 2682 417 2718 del
443 2682 501 2717 Sol
527 2692 635 2726 supra
658 2680 843 2726 Granada,
876 2681 1035 2716 CAMPO!
1063 2681 1180 2717 LGE.!
1208 2680 1363 2725 ΑΒΓΗ).
1392 2701 1433 2705 -
1465 2689 1499 2721 zi.
1525 2679 1744 2725 Apr.—sun.
1771 2681 1813 2724 (v.
1842 2681 1887 2725 v.)

274 2750 449 2786 observ.
495 2751 660 2786 Amiciss.
686 2750 833 2785 LANGE
866 2750 1012 2795 stirpem
1047 2761 1146 2785 suam
1180 2750 1203 2784 1.
1229 2761 1257 2785 c.
1291 2750 1504 2795 descriptam
1534 2749 1578 2783 ad
1603 2749 1635 2782 S.
1662 2748 1885 2792 granulatam

227 2797 449 2834 referendam
473 2802 582 2842 atque
606 2808 628 2832 a
652 2796 685 2831 S.
710 2796 906 2832 Arundana
931 2797 1132 2832 distinctam
1159 2807 1235 2833 esse
1261 2804 1393 2832 censet.
1435 2796 1502 2830 Sed
1529 2795 1722 2840 specimina
1748 2806 1885 2829 mecum

227 2844 394 2880 benevole
420 2845 677 2879 communicata
702 2856 756 2889 pr.
774 2844 968 2878 Granatam
993 2844 1085 2878 lecta
1110 2855 1177 2878 non
1203 2843 1315 2878 solum
1338 2854 1415 2877 cum
1441 2842 1689 2887 speciminibus
1717 2841 1751 2875 S.
1769 2842 1884 2875 Arun-

230 2890 341 2926 danae
359 2891 591 2937 Camposanis
617 2890 739 2926 eodem
763 2890 799 2925 in
823 2890 900 2925 loco
926 2890 1027 2925 lectis
1052 2896 1158 2933 atque
1184 2891 1228 2924 ab
1257 2891 1333 2935 ipso
1352 2890 1521 2924 Reuterio
1544 2888 1798 2928 determinatis,
1824 2888 1887 2922 sed

233 2938 340 2974 etiam
364 2948 443 2973 cum
470 2937 722 2983 speciminibus
749 2937 782 2972 S.
808 2936 1024 2972 Arundanae
1048 2937 1083 2971 in
1109 2936 1142 2971 S.
1169 2936 1211 2972 de
1236 2936 1429 2980 Yunquera
1460 2946 1482 2970 a
1513 2935 1555 2970 cl.
1580 2935 1759 2970 Boissiero
1785 2934 1888 2969 lectis
