1976 3314
997 133 1090 175 555

190 255 238 296 ††
266 254 380 289 Alae
405 253 580 298 calycis
600 251 917 295 3—-5-nerviae,
943 261 1025 285 non
1043 250 1251 294 vittatae,
1277 250 1402 284 venis
1421 249 1709 285 lateralibus
1728 249 1901 294 saepis-

190 302 299 336 sime
342 302 459 336 intra
499 300 738 343 marginem
771 297 1240 334 anastomosantibus.
1290 296 1511 331 Racemus
1553 296 1814 331 terminalis.
1857 315 1899 321 -——

191 348 332 393 Species
358 347 532 392 plurimae
558 357 750 392 perennes,
775 346 844 381 hae
869 343 1190 426 caulesdflotriferos
1215 343 1446 387 surculosque
1467 342 1638 378 foliiferos
1662 353 1681 397 e
1705 343 1902 378 rhizomate

966 401 984 426 e
1012 401 1056 426 en
1074 401 1123 425 es.

284 473 387 507 4174.
441 474 486 506 P.
513 473 805 514 Monspeliaea
841 470 884 505 L.
922 469 1004 505 Cod.
1039 481 1071 504 n.
1099 470 1205 504 5318!
1255 469 1327 503 GR.
1353 467 1484 504 GODR.
1510 467 1533 502 l.
1559 479 1588 503 c.
1615 480 1648 513 p.
1677 468 1759 503 1981
1810 468 1902 502 AMO

192 521 212 554 l.
239 530 268 554 c.
295 531 328 564 p.
355 519 446 554 308!
497 517 623 553 RCHB.
662 519 710 554 Ic.
734 518 757 553 l.
784 530 812 553 c.
841 524 864 553 t.
893 519 981 560 144,
1017 517 1039 552 f.
1066 517 1102 552 I!
1152 515 1206 560 (P.
1233 515 1417 558 glumacea
1442 515 1575 550 SIBTH.
1603 515 1669 550 SM.
1696 514 1752 549 Fl.
1777 514 1903 549 Graec.

191 573 214 602 t.
240 567 327 600 670!
379 564 419 599 P.
449 566 644 600 straminea
668 565 837 609 PRESL!)
885 563 1020 598 Glabra
1063 575 1090 597 v.
1132 563 1293 597 minutim
1334 562 1525 606 puberula,
1568 568 1703 604 erecta,
1745 561 1903 596 caulibus

191 611 351 647 3—9¹¹¹1.
379 612 600 657 simplicibus
626 625 656 646 v.
676 622 782 657 parce
800 611 959 654 ramosis,
986 610 1122 645 inferne
1140 610 1292 655 foliosis3
1318 609 1413 645 foliis
1430 609 1782 644 lineari-lanceolatis
1801 609 1903 651 longe

189 659 342 695 acutatis
367 658 580 703 cuspidatis3
622 659 770 694 racemis
797 658 971 701 elongatis
997 656 1170 692 laxifloris
1197 656 1380 698 secundis,
1417 655 1561 690 floribus
1587 656 1761 700 2¹s2—3‘¹‘
1786 655 1820 697 l.,
1846 654 1904 689 de-

190 717 285 740 mum
310 705 473 750 pendulis
489 735 496 747 ,
533 706 688 741 bracteis
714 705 994 740 membranaceis
1019 704 1182 747 minutis,
1225 703 1397 749 pedicello
1422 702 1533 737 multo
1558 702 1797 746 brevioribus,
1839 701 1904 736 alis

189 752 395 788 lanceolatis
419 752 545 795 acutis,
570 753 817 807 albicantibus,
844 752 960 787 nervis
987 753 1007 785 3
1032 751 1202 786 viridibus
1226 750 1327 785 valde
1342 750 1553 794 conspicuis,
1578 750 1674 784 venis
1693 748 1901 784 lateralibus

189 810 258 834 non
282 799 654 843 anastomosantibus,
691 799 823 834 corolla
847 799 914 834 alis
940 798 1099 833 breviore
1125 797 1322 841 albicante,
1348 797 1469 831 carina
1493 797 1644 841 virente3
1673 796 1822 840 capsula
1847 796 1904 830 ob-

188 850 292 881 ovata
323 846 555 890 emarginata,
580 847 770 891 conspicue
795 846 902 887 alata,
927 846 995 880 alis
1021 845 1150 880 triente
1175 845 1353 888 breviore,
1380 844 1572 879 seminibus
1597 843 1903 886 lineari-oblongis

190 893 443 936 nigricantibus
463 893 528 929 sub
546 893 651 928 arillo
668 893 862 928 attenuatis
881 892 1128 936 substipitatis‚
1154 892 1256 926 arillo
1274 892 1410 925 minuto
1427 890 1628 935 pileiformi.
1650 911 1690 914 ——
1709 890 1832 924 Herba
1845 897 1903 924 aut

191 939 364 975 unicaulis
390 941 491 975 caule
515 940 651 983 stricto,
678 946 737 974 aut
764 939 971 985 plui-icaulis
997 939 1157 973 caulibus
1182 938 1490 973 adscendentibus.

288 996 330 1031 In
354 997 440 1032 locis
465 998 644 1034 arenosis.
672 997 866 1041 argillosis,
893 996 1146 1040 salsuginosis,
1186 996 1359 1039 glareosis
1384 996 1556 1031 calcareis
1574 1024 1581 1036 ,
1606 995 1699 1030 arvis
1724 994 1904 1030 sterilibus

243 1043 398 1079 humidis
423 1045 578 1088 regionis
602 1044 759 1079 inferior.
785 1044 982 1089 Hispaniae
1007 1043 1182 1085 oriental.,
1208 1043 1355 1078 central.
1381 1049 1416 1078 et
1442 1043 1623 1086 australis,
1649 1042 1707 1076 ubi
1732 1042 1767 1075 in
1793 1041 1904 1084 regio-

239 1101 318 1125 nem
343 1096 548 1126 montanum
572 1091 774 1127 adscendit:
802 1093 837 1126 in
864 1091 976 1127 Catal.
1004 1091 1071 1136 (pr.
1088 1089 1217 1124 Caldas
1244 1089 1286 1124 de
1305 1089 1474 1134 Monbuy,
1501 1089 1650 1132 COLM.),
1676 1089 1830 1131 Aragon.
1857 1088 1904 1132 (iu

240 1137 375 1172 ditione
401 1137 530 1173 Tierra
554 1138 637 1183 baja
661 1139 745 1173 hinc
771 1138 874 1181 inde,
900 1150 930 1172 v.
957 1149 985 1172 c.
1011 1149 1064 1181 pr.
1092 1137 1282 1181 Chiprana,
1309 1136 1427 1171 LOSO.
1453 1136 1608 1181 PARD.),
1634 1141 1783 1178 utraque
1809 1134 1903 1170 Cast.

240 1184 289 1227 (in
306 1194 392 1228 agro
409 1184 552 1220 Madrit.
580 1185 622 1219 ad
642 1185 734 1220 Casa
757 1184 967 1230 delCampo,
993 1184 1131 1225 Comi„
1157 1183 1300 1218 BOUT.!
1328 1195 1381 1227 pr.
1401 1184 1593 1227 Aranjuez,
1619 1182 1763 1217 PROL.!
1791 1180 1901 1223 LGE.,

239 1230 359 1266 Monte
385 1230 521 1267 Torozo
545 1242 597 1276 pr.
625 1231 850 1276 Valladolid,
891 1231 1008 1266 LGE.!
1047 1242 1076 1265 c.
1103 1230 1136 1265 el
1160 1230 1294 1275 Pardo,
1321 1230 1451 1274 Ribas,
1478 1230 1606 1273 CUT.),
1632 1239 1741 1273 regno
1766 1228 1904 1263 Valent.

240 1279 307 1323 (pr.
334 1277 517 1323 Thaguas,
543 1278 694 1323 CI.EM.),
720 1278 836 1313 Mure.
862 1277 1016 1322 (Salinas
1041 1277 1084 1312 de
1110 1277 1334 1322 Sangonera,
1361 1277 1519 1321 GUIR.!),
1545 1276 1663 1311 Jienn.
1690 1276 1835 1321 (Puerto
1862 1274 1903 1309 de

239 1325 275 1358 la
298 1325 517 1368 inquisicion,
543 1324 678 1369 LGE.),
704 1324 851 1361 Granat.
882 1324 1020 1362 (Sierra
1044 1324 1087 1358 de
1113 1324 1258 1369 Elvira,
1283 1324 1403 1369 LGE.,
1430 1334 1457 1358 c.
1484 1323 1652 1367 Malaga,
1677 1323 1762 1357 BSS.
1779 1349 1787 1365 ‚
1813 1322 1904 1357 FK.!

238 1371 449 1416 Churriana,
475 1372 617 1407 PROL.!
645 1371 749 1416 WK.,
773 1371 966 1416 Estepona,
985 1371 1121 1415 Ronda,
1149 1371 1247 1408 BSS..
1274 1371 1495 1415 Carratraca,
1522 1371 1686 1406 Desierto
1702 1369 1744 1404 de
1762 1370 1815 1404 las
1833 1369 1905 1402 nie-

238 1428 314 1462 ves,
353 1417 484 1462 Tolox,
523 1418 663 1454 CLEM.!
698 1419 817 1454 Sierra
842 1418 990 1453 Nevada
1022 1418 1067 1452 ad
1093 1417 1128 1453 fl.
1155 1418 1339 1453 Monachil
1365 1430 1416 1463 pr.
1443 1418 1475 1453 S.
1502 1417 1712 1461 Gerenimo,
1751 1416 1904 1459 ALTH.).

238 1465 339 1500 Baet.
365 1465 522 1510 (WBB.).
549 1486 593 1491 —
621 1469 674 1508 O.
702 1465 923 1510 Apr.—Jun.
950 1466 993 1510 (v.
1018 1465 1076 1508 v.).

285 1521 378 1557 Hab.
402 1522 438 1557 in
462 1522 590 1564 Lusit,
616 1522 692 1558 Afr.
718 1524 803 1562 bor,
828 1522 979 1567 Balear.,
1005 1522 1098 1557 Gall.
1126 1528 1248 1563 austr.,
1275 1521 1367 1567 Ital,
1393 1521 1501 1566 Sicil.,
1526 1522 1663 1565 Graec,
1689 1520 1844 1556 Oriente.

286 1605 390 1638 4175.
438 1606 482 1638 P.
510 1606 710 1645 depressa
736 1604 882 1639 WEND.
909 1605 988 1639 Act.
1026 1614 1096 1639 soc.
1133 1608 1203 1637 nat.
1231 1603 1370 1646 Marb.‚
1410 1602 1527 1637 KOOH
1552 1602 1634 1647 Syn.
1660 1614 1692 1647 p.
1717 1602 1779 1636 991
1831 1600 1901 1635 GR.

192 1649 322 1684 GODR.
348 1650 372 1684 l.
396 1661 425 1684 c.
450 1662 483 1695 p.
504 1651 586 1685 196!
625 1650 718 1685 AMO
745 1651 766 1685 l.
793 1662 820 1685 c.
849 1663 882 1695 p.
910 1651 997 1685 306!
1036 1650 1162 1684 RGHB.
1188 1650 1236 1684 Ic.
1263 1650 1274 1684 1
1312 1661 1340 1684 c.
1368 1655 1390 1684 t.
1423 1651 1498 1683 146.
1523 1650 1547 1684 f.
1574 1649 1607 1684 11
1635 1649 1746 1684 Coss.
1771 1648 1904 1683 GERM.

194 1696 249 1730 Fl.
274 1697 354 1733 Par.
373 1709 408 1741 p.
424 1698 480 1740 56,
504 1703 528 1732 t.
547 1698 568 1730 8
586 1697 642 1741 (P.
656 1707 779 1732 amara
795 1704 929 1732 auctor.
948 1696 1098 1741 Hispan.
1116 1702 1151 1731 et
1178 1696 1266 1730 WK.
1284 1696 1374 1731 Sert.
1393 1708 1426 1740 p.
1447 1698 1487 1729 21
1516 1706 1559 1730 ex
1585 1708 1630 1741 p.,
1658 1706 1721 1730 nec
1739 1695 1904 1738 JACQU.;

193 1743 232 1778 P.
259 1743 495 1789 serpyllifolia
519 1743 687 1788 WEIHE3
713 1744 753 1778 P.
779 1744 935 1787 vulgaris
961 1754 1031 1779 var.
1059 1743 1231 1787 depressa
1248 1743 1400 1786 FRIES).
1451 1742 1598 1783 Glabra,
1623 1743 1784 1777 caulibus
1809 1741 1907 1776 flori-

193 1790 277 1825 feris
301 1790 522 1834 surculisque
546 1790 769 1825 filiformibus
795 1791 1008 1836 prostratis,
1034 1790 1128 1825 foliis
1154 1790 1302 1825 caulinis
1328 1789 1554 1824 inferioribus
1580 1789 1803 1834 (minoribus)
1831 1800 1905 1824 sur-

194 1836 423 1881 culorumque
449 1837 623 1882 oppositis
648 1837 819 1883 obovatis,
845 1837 1087 1882 superioribus
1102 1837 1250 1872 alternis
1264 1837 1485 1880 longioribus
1499 1836 1725 1881 lanceolatis3
1751 1835 1902 1870 racemis

196 1884 316 1928 pauci·
342 1889 377 1918 et
402 1883 598 1928 laxifloris,
640 1884 837 1918 evolutione
872 1884 1000 1918 ramuli
1026 1893 1045 1918 e
1070 1884 1146 1918 folii
1171 1884 1297 1918 summi
1321 1883 1431 1918 axilla
1455 1883 1593 1918 demum
1620 1882 1905 1926 sublateralibus,

192 1930 348 1966 bracteis
372 1931 515 1966 minutis
540 1930 715 1975 pedicello
740 1931 975 1973 brevioribus,
1002 1929 1147 1965 floribus
1173 1930 1237 1966 sub
1271 1931 1368 1966 anth.
1393 1931 1538 1974 patulis,
1563 1930 1738 1974 2*2¹l2¹¹‘
1764 1930 1802 1970 l.;
1841 1929 1908 1964 alis

194 1977 355 2020 oblongis
380 1976 592 2022 ellipticisve
615 1977 804 2022 coeruleis,
832 1977 1203 2022 subquinquenerviis,
1229 1978 1325 2013 venis
1350 1978 1488 2021 apicem
1513 1987 1635 2012 versus
1660 1982 1905 2011 arcuato-ana-

195 2024 489 2068 stomosantibus,
523 2024 655 2059 corolla
691 2024 812 2059 albida
844 2024 909 2060 alis
935 2025 1112 2069 breviore,
1148 2024 1294 2068 capsula
1319 2024 1632 2059 cordato-cuneata
1657 2023 1907 2066 angustissime

193 2070 306 2112 alata,
342 2070 409 2105 alis
434 2071 611 2115 breviore,
651 2071 843 2106 seminibus
868 2071 1048 2115 oblongis,
1087 2071 1179 2106 arilli
1205 2071 1294 2106 lobis
1318 2071 1528 2106 lateralibus
1554 2068 1738 2104 dimidium
1764 2069 1908 2105 seminis

197 2118 444 2161 aequantibus.
470 2137 515 2143 —
540 2117 662 2152 Herba
687 2118 927 2163 inconspicua,
952 2118 1113 2153 caulibus
1139 2120 1159 2151 2
1176 2138 1187 2141 ·
1211 2119 1255 2152 6”
1274 2118 1296 2152 l.
1324 2117 1460 2154 diffusis
1486 2117 1677 2162 caespitem
1702 2118 1819 2151 laxam
1846 2116 1904 2150 de-

199 2164 357 2199 dressam
384 2164 630 2199 formantibus.
680 2164 792 2209 Sapor
816 2165 978 2200 foliorum
1006 2165 1201 2200 herbaceus
1227 2174 1360 2208 necque
1385 2175 1536 2199 amarus.

289 2223 330 2256 In
355 2222 520 2267 ericetis,
558 2223 645 2257 locis
681 2224 841 2258 arenosis
879 2224 1160 2267 graminosisque
1198 2223 1469 2257 humidiusculis
1506 2222 1659 2265 regionis
1693 2221 1847 2255 inferior.
1874 2228 1907 2255 et

242 2273 396 2302 montan.
422 2268 619 2313 Hispaniae
644 2269 776 2304 boreal.
803 2276 837 2305 et
863 2270 1010 2305 central.
1038 2271 1184 2315 passim:
1212 2270 1248 2304 in
1266 2269 1402 2304 Gallec.
1429 2270 1580 2314 (PLAN,
1608 2280 1660 2313 pr.
1685 2267 1906 2303 Pontevedra

242 2320 278 2349 et
301 2315 518 2359 Piedrafita,
556 2315 687 2360 LGE.),
724 2326 832 2360 regno
859 2316 1005 2361 Legion.
1033 2317 1178 2362 (Puerto
1204 2316 1246 2351 de
1271 2316 1487 2358 Manzanal,
1523 2316 1681 2359 LGE.!),
1707 2316 1828 2350 Astur.
1855 2314 1905 2357 (in

241 2362 384 2396 montib.
411 2372 520 2406 supra
545 2362 682 2406 Gangas
707 2362 750 2397 de
777 2363 907 2406 Tineo,
945 2365 979 2398 in
1006 2364 1098 2398 valle
1122 2363 1273 2407 Labiegi
1299 2374 1408 2408 supra
1434 2363 1677 2405 Leitariegos,
1703 2363 1737 2396 in
1764 2361 1904 2406 pascuis

241 2408 350 2452 alpin.
375 2407 422 2443 ad
445 2409 559 2444 latera
576 2414 683 2444 mont.
701 2410 786 2445 Pico
803 2409 846 2444 de
864 2411 990 2449 Arvas,
1017 2410 1145 2454 DUR.).
1171 2410 1319 2445 Cantab.
1338 2410 1450 2455 (Pena
1468 2410 1630 2455 Gorveya
1647 2408 1691 2444 ad
1709 2409 1769 2443 alt.
1790 2407 1904 2450 3500‘,

243 2454 365 2489 Monte
390 2455 433 2489 de
458 2455 492 2490 la
508 2455 611 2501 Haya
629 2467 682 2501 pr.
709 2456 794 2491 Irun
818 2457 863 2491 ad
889 2457 950 2493 alt.
976 2459 1091 2499 2400‘,
1118 2456 1234 2501 WK.),
1260 2457 1353 2492 Cast.
1372 2457 1473 2493 Nova
1497 2458 1564 2501 (pr.
1591 2457 1739 2498 Chozas,
1766 2454 1904 2496 CUT.!).

243 2520 286 2526 —
312 2508 350 2541 ιι.
376 2501 598 2545 Majo—Jul.
623 2504 670 2548 (v.
696 2504 752 2548 v.).

287 2557 378 2592 Hab.
403 2558 440 2592 in
465 2557 556 2593 Gall.
581 2558 663 2594 inde
688 2560 862 2605 arPyren.
890 2561 1037 2596 central.
1063 2561 1108 2596 ad
1134 2561 1292 2606 Vogesos
1318 2571 1441 2606 usque.
1467 2561 1601 2603 Batav.,
1628 2559 1808 2598 German,
1835 2557 1904 2592 Da-

241 2604 309 2647 nia,
335 2604 509 2649 Norweg.,
535 2605 668 2651 Tyroli,
695 2607 834 2643 Carnia.

286 2661 468 2698 Observ.
516 2662 594 2698 Hac
619 2664 736 2708 specie
773 2670 809 2700 et
843 2670 1013 2709 sequente
1039 2665 1084 2700 ab
1120 2666 1324 2701 auctoribus
1351 2664 1553 2708 Hispanicis
1591 2674 1669 2697 cum
1695 2663 1733 2697 P.
1760 2672 1904 2697 amara

241 2708 358 2749 JCQU.
383 2709 420 2744 in
445 2708 621 2755 Hispania
645 2721 714 2745 non
738 2712 964 2756 proveniente
989 2712 1214 2747 commutatis
1240 2712 1441 2746 discernere
1466 2720 1619 2754 nequeo,
1645 2709 1690 2743 ad
1716 2719 1902 2753 quamnam

240 2756 395 2836 s{pecie-m
421 2756 551 2801 stirpes
576 2757 693 2792 variae
719 2759 763 2792 ab
789 2758 860 2793 illis
879 2759 1084 2794 auctoribus
1104 2759 1167 2794 sub
1184 2759 1223 2792 P.
1242 2768 1384 2798 aniame
1410 2757 1548 2791 nomine
1566 2755 1733 2791 laudatae
1752 2756 1903 2791 referen-

265 2813 306 2838 ae
332 2808 414 2838 smt.

288 2872 391 2906 4176.
441 2872 486 2905 P.
514 2872 702 2906 ealearea
728 2871 768 2906 F.
795 2873 978 2908 SOHULTZ
1004 2874 1037 2907 in
1064 2872 1172 2906 Flora
1202 2872 1301 2905 1837.
1328 2883 1361 2915 p.
1390 2872 1474 2905 752!
1526 2870 1579 2904 Fl.
1604 2871 1695 2905 Gall.
1722 2876 1758 2907 et
1783 2871 1900 2905 Germ.

195 2927 268 2951 exs.
294 2929 326 2952 n.
357 2918 420 2953 15!
453 2923 488 2953 et
515 2917 623 2951 Herb.
649 2928 759 2952 norm.
784 2930 818 2953 n.
846 2921 906 2954 16!
956 2920 1028 2954 GR.
1055 2919 1184 2953 GODR.
1222 2918 1243 2951 l.
1270 2929 1297 2951 c.
1336 2929 1368 2962 p.
1397 2919 1481 2951 1961
1532 2918 1624 2952 AMO
1652 2918 1673 2952 l.
1699 2930 1728 2952 c.
1755 2930 1788 2962 p.
1816 2920 1900 2952 305!

200 2962 325 3000 RCHB.
351 2963 399 2999 Ic.
424 2963 445 2998 l.
471 2975 500 3000 c.
528 2969 554 2999 t.
582 2965 660 3007 148,
685 2964 707 2998 f.
735 2965 769 2999 I!
819 2965 872 3010 (P.
897 2976 1021 3001 amara
1046 2966 1172 3000 chss.
1200 2964 1255 2997 Fl.
1280 2974 1355 2998 exc.
1382 2976 1416 3008 p.
1443 2965 1528 2999 350!
1580 2964 1691 2999 WBB.
1718 2965 1761 3000 It.
1786 2977 1819 3009 p.
1838 2966 1900 2998 65!

200 3008 287 3044 WK.
327 3009 417 3047 Sert.
456 3011 478 3045 l.
503 3021 534 3046 c.
571 3016 680 3055 atque
715 3016 806 3047 auct.
843 3012 945 3057 Hisp.
971 3023 1015 3048 ex
1040 3024 1085 3058 p.,
1121 3021 1188 3046 non
1213 3009 1347 3055 JCQU.;
1388 3010 1475 3045 WK.
1500 3010 1546 3056 pl.
1573 3011 1675 3058 Hisp.
1701 3021 1772 3048 exs.
1800 3012 1899 3046 1846.
