1976 3314
870 139 959 183 141

199 263 239 305 β.
269 261 554 308 pyrenaicum
585 260 684 294 LGE.
719 259 743 294 l.
773 270 821 303 c.,
860 269 1032 304 perenne,
1071 259 1220 294 surculis
1259 258 1437 294 sterilibus
1476 258 1629 299 diffusis,
1668 258 1764 294 foliis

269 306 637 355 cylindrico-ovoideis
671 306 806 341 obtusis
842 306 921 340 basi
960 305 1260 351 dentato—gibbis,
1298 305 1523 340 inferioribus
1562 307 1768 350 patentibus

269 355 513 401 superioribus
545 353 829 398 erecto-patulis,
868 352 996 397 petalis
1034 353 1245 388 lanceolatis
1280 353 1454 387 concavis.
1502 352 1552 397 (S.
1587 353 1764 394 anglicum

270 402 360 436 WK.
386 402 434 447 pl.
460 412 534 436 exs.
563 402 663 441 1850,
691 412 723 438 n.
750 401 814 435 88!
842 399 996 434 BOURG.
1024 400 1070 444 pl.
1099 410 1171 434 exs.
1199 411 1232 433 n.
1260 401 1401 443 2641!);

199 474 235 506 2²·
271 460 610 495 Hudsonianum
637 459 734 492 LGE.
761 458 784 492 l.
809 469 851 501 c.,
878 468 1049 502 perenne.
1077 457 1228 492 surculis
1254 457 1434 492 sterilibus
1460 455 1769 499 adscendentibus,

268 508 362 542 foliis
386 507 500 550 magis
525 506 803 551 approximatis,
839 504 1223 547 subgloboso—ovoideis
1255 504 1334 539 basi
1369 504 1425 538 vix
1459 503 1596 546 gibbis,
1636 509 1769 537 erecto-

269 554 417 599 patulis⁷
445 553 589 588 summis
614 552 760 595 erectis,
793 551 923 596 petalis
948 552 1059 586 ovatis
1084 551 1330 596 planiusculis.
1378 550 1429 596 (S.
1457 550 1634 593 anglicum
1662 549 1768 593 Eugl.

269 602 339 636 bot.
365 607 389 637 t.
419 602 497 643 171,
525 600 578 634 Fl.
606 599 695 633 Dan.
721 604 745 634 t.
774 598 848 641 82).

154 658 194 692 In
230 659 379 703 rupibus
417 658 526 692 muris
565 657 722 700 locisque
759 656 920 690 arenosis
957 668 976 689 v
1021 655 1131 689 aridis
1167 655 1321 698 regionis
1355 654 1512 689 inferior.
1547 659 1582 688 et
1613 659 1767 688 montan.

107 705 304 750 Hispaniae
337 705 508 743 borealis.
544 704 704 738 oriental.
737 710 772 737 et
797 702 985 737 centralis:
1024 715 1058 736 a.
1086 703 1122 736 in
1147 702 1282 736 Gallec.
1311 701 1439 746 (frequ.
1466 701 1583 735 LGE.!
1613 701 1767 744 PLAN.).

106 763 213 794 regno
239 752 383 795 Legion.
417 752 461 796 (c.
488 751 711 786 Villafranca
737 749 792 784 del
819 750 965 793 Vierzo,
998 748 1133 792 ΒΘΗ).
1168 749 1262 783 Cast.
1288 748 1389 783 Nova
1420 752 1522 792 (agro
1547 747 1694 782 Madrit.
1721 747 1765 781 ad

108 799 199 834 Casa
223 799 266 833 de
292 799 441 843 Campo,
467 798 598 842 LGE.),
636 796 843 832 Extremad.
877 797 1012 841 (Sierra
1044 796 1087 830 de
1121 796 1155 829 la
1182 795 1332 830 Caneria
1364 800 1399 830 et
1424 795 1457 829 S.
1484 795 1526 829 de
1554 794 1767 838 Majareiua,

107 846 320 890 BOURG.!),
356 845 501 880 montib.
529 845 680 879 Mai-ian.
716 844 781 888 (pr.
810 845 844 878 la
868 843 1052 887 Carolina,
1078 843 1211 887 LGE.),
1248 843 1415 877 Cantabr.
1442 842 1499 883 (ad
1528 848 1706 876 sanctuar.
1733 842 1767 874 S.

107 893 261 928 Marcial
288 905 340 938 pr.
366 892 478 936 Yrun,
503 892 538 925 in
564 892 654 926 valle
679 891 714 924 fl.
733 890 918 935 Bidassoa,
945 889 1070 934 WK.);
1091 910 1131 913 -
1160 893 1197 932 β.
1223 890 1259 923 in
1285 889 1420 923 Gallec.
1447 890 1492 934 (c.
1514 888 1709 923 Piedrafita
1736 894 1770 922 et

107 940 143 975 la
160 940 311 979 Corusia,
337 938 465 983 ΕΘΗ),
492 940 613 973 Astur.
640 939 686 983 (c.
705 937 842 981 Gangas
868 937 910 971 de
930 937 1052 978 Tineo,
1080 947 1187 981 supra
1206 936 1440 981 Leitariegos,
1466 935 1579 977 ΒΗΚ,
1606 946 1634 969 c.
1655 936 1769 969 Pessa-

107 986 184 1030 flor,
210 984 413 1030 BOURG.!),
439 986 606 1021 Cantabr.
633 986 701 1030 (pr.
728 984 904 1030 Sopuerta
928 984 963 1018 in
991 984 1145 1028 Viscaya
1169 983 1310 1025 abund,
1339 983 1439 1021 WK..
1468 983 1505 1016 iu
1530 982 1662 1017 ditione
1690 982 1769 1015 Lie-

107 1035 216 1078 bana,
244 1033 460 1077 SCHFSS.!),
495 1039 645 1076 utraque
671 1031 765 1066 Cast.
798 1031 857 1071 (ad
885 1031 1068 1076 Reynosa,
1095 1030 1199 1073 Bss.,
1225 1030 1371 1071 REUT.,
1407 1030 1589 1069 Escorial,
1616 1029 1767 1073 COLM.),

108 1082 263 1124 Aragon.
289 1081 385 1126 (Pto.
411 1080 453 1114 de
479 1080 678 1123 Benasque,
705 1078 865 1124 ZETT.)3
887 1098 930 1102 —
958 1090 994 1123 ff.
1023 1079 1059 1112 in
1085 1077 1260 1122 Hispania
1286 1077 1438 1112 nondum
1464 1077 1698 1111 observatum.
1726 1095 1769 1099 —

111 1136 146 1168 21.
172 1127 417 1172 Majo—Julio
442 1128 488 1172 (v.
514 1128 572 1170 v.).

155 1186 246 1220 Hab.
273 1197 365 1231 spec.
391 1187 427 1220 in
454 1185 579 1230 Lusit.7
605 1184 711 1229 Gall„
737 1184 911 1224 Britann.,
937 1183 1056 1217 Norw.
1083 1181 1219 1225 merid.,
1245 1181 1376 1218 Gothl..
1403 1181 1681 1215 Traussilvania.

155 1256 258 1289 3256.
308 1257 345 1289 S.
373 1257 741 1289 melanantherum
774 1253 844 1287 DC.
879 1253 1002 1288 Prodr.
1032 1253 1103 1293 III,
1139 1265 1172 1297 p.
1201 1254 1290 1286 410!
1335 1250 1383 1295 (S.
1417 1252 1569 1285 rivulare
1602 1251 1686 1285 BSS.
1714 1250 1769 1284 El.

61 1313 94 1336 n.
121 1303 184 1337 751
224 1302 256 1336 S.
284 1302 460 1344 anglicum
493 1312 564 1335 var.
597 1301 749 1335 rivulare
783 1300 869 1334 BSS.
897 1300 986 1344 Voy.
1023 1312 1055 1344 p.
1083 1301 1170 1338 225.
1203 1305 1227 1334 t.
1255 1300 1318 1333 631
1364 1298 1449 1333 WK.
1482 1299 1530 1342 pl.
1564 1308 1637 1332 exs.
1668 1299 1771 1333 1:³45.

60 1350 222 1383 n.1284!
260 1348 389 1383 Differt
413 1359 435 1383 a
458 1348 622 1393 praeced.
649 1347 744 1382 foliis
762 1347 1137 1391 oblongo-cylindricis
1163 1356 1269 1390 supra
1296 1345 1606 1380 subcanaliculatis
1633 1345 1773 1388 glauco-

59 1395 271 1434 virentibus,
308 1396 343 1429 in
369 1395 519 1430 surculis
545 1395 751 1441 repentibus
785 1394 997 1438 imbricatis,
1031 1394 1067 1427 in
1093 1393 1251 1427 caulibus
1278 1392 1444 1427 floriferis
1470 1391 1770 1426 adscendentibus

63 1446 78 1476 1
132 1444 176 1477 δ”
200 1443 222 1477 l.
255 1443 400 1477 remotis
435 1443 579 1481 erectis,
613 1442 775 1476 omnibus
810 1442 888 1476 basi
914 1441 1039 1475 solutis
1064 1447 1099 1475 et
1124 1441 1278 1475 breviter
1305 1440 1437 1483 gibbis,
1472 1438 1620 1473 floribus
1647 1439 1764 1483 parvis

59 1491 119 1535 (iis
136 1490 169 1524 S.
189 1489 319 1533 anglici
343 1490 423 1534 plus
442 1489 586 1524 dimidio
603 1488 822 1533 minoribus),
849 1489 977 1533 petalis
996 1488 1106 1522 roseis
1124 1488 1211 1522 vitta
1236 1497 1416 1532 purpurea
1434 1486 1575 1529 notatis,
1604 1486 1763 1520 anthei-is

60 1537 332 1572 atro-violaceis.
358 1557 402 1561 ——
428 1537 556 1572 Planta
580 1536 814 1577 multicaulis,
848 1536 1000 1570 surculis
1032 1535 1265 1576 abbreviatis,
1301 1533 1462 1568 caulibus
1496 1532 1672 1566 debilibus
1707 1533 1769 1566 ad-

61 1583 326 1664 scendenttiibus'
361 1595 481 1629 cymas
514 1594 642 1628 parvas
667 1581 877 1617 densiflores
903 1582 1191 1627 corymbiformes
1217 1581 1414 1615 ferentibus
1440 1581 1614 1624 caespites
1640 1590 1766 1624 parvos

61 1631 160 1666 laxos
186 1631 224 1664 ef
248 1631 306 1665 cit.

153 1688 209 1723 Ad
233 1689 364 1723 rivulos
389 1694 573 1732 pratorum
599 1687 750 1730 regionis
776 1686 919 1730 alpinae
955 1692 989 1720 et
1014 1685 1141 1720 nivalis
1168 1685 1203 1719 in
1229 1685 1348 1719 Sierra
1367 1683 1512 1718 Nevada
1536 1683 1580 1717 ad
1607 1684 1667 1720 alt.
1695 1685 1761 1716 7-

109 1736 236 1769 10000‘
260 1735 373 1780 (Ess,
401 1734 501 1779 WK.,
527 1735 680 1778 ALTH.).
705 1753 750 1759 -—-
778 1742 813 1774 21.
840 1732 914 1767 Jul.
941 1733 1031 1776 Aug.
1056 1733 1102 1777 (v.
1128 1733 1186 1776 V.).

532 1826 563 1860 b.
600 1825 705 1860 Folia
730 1825 958 1869 cylindracea
982 1830 1043 1858 aut
1068 1824 1299 1859 claviformia.

155 1898 258 1931 3257.
308 1899 346 1931 S.
374 1898 658 1930 mieranthum
684 1895 803 1928 BAST.
830 1905 887 1939 ap.
915 1893 986 1928 DC.
1014 1893 1068 1928 Fl.
1094 1894 1137 1928 fr.
1163 1893 1225 1930 VI.
1252 1905 1284 1937 p.
1313 1893 1400 1926 523!
1434 1890 1504 1925 GR.
1533 1890 1663 1925 GODR.
1690 1891 1711 1925 l.
1739 1902 1767 1925 c,

60 1956 93 1988 p.
120 1945 206 1978 623!
244 1942 292 1987 (S.
320 1944 437 1978 album
466 1943 504 1983 β.
531 1943 772 1976 micranthum
798 1942 869 1977 DC.
890 1940 1016 1975 Prodr.
1042 1941 1065 1975 l.
1084 1952 1112 1976 c.
1139 1953 1171 1985 p.
1191 1942 1279 1975 406!
1307 1939 1425 1973 CS'FA.
1445 1938 1498 1972 Fl.
1518 1938 1622 1972 catal.
1650 1940 1766 1982 1).89!

61 1990 93 2026 S.
120 1990 323 2025 Clusianum
349 1991 465 2024 GUSS.
492 1990 573 2033 Syn.
599 1988 634 2024 fl.
655 1990 727 2025 sic..
755 1989 787 2023 S.
807 1989 976 2023 albellum
1005 1987 1093 2022 WK.
1119 1989 1167 2031 pl.
1187 1998 1259 2021 exs.
1282 1987 1382 2027 1850,
1410 1997 1441 2019 n.
1462 1988 1529 2018 383
1556 1997 1623 2019 non
1645 1985 1770 2025 BESS.,

60 2037 138 2072 Sed.
165 2038 279 2071 minus
306 2038 340 2070 Π
367 2037 481 2071 CLUS.
500 2036 591 2071 Hist.
618 2036 664 2080 pl.
692 2036 739 2079 II,
765 2048 798 2079 p.
823 2037 878 2075 59,
904 2035 927 2069 f.
956 2037 1012 2078 21)
1049 2034 1148 2069 Laxe
1175 2034 1422 2078 caespitosum,
1451 2032 1623 2075 glabrum.
1653 2033 1767 2066 rhizo-

59 2090 153 2119 mate
179 2084 281 2119 valde
307 2095 464 2127 ramoso.
499 2089 675 2124 tortuoso,
709 2082 829 2117 caules
853 2081 1031 2116 floriferos
1057 2082 1185 2116 multos
1212 2086 1350 2115 erectos
1375 2080 1574 2121 fastigiatos
1602 2080 1716 2113 3—6“
1746 2081 1768 2113 l.

61 2132 290 2175 surculosque
321 2132 445 2165 breves
479 2130 623 2165 edente:
665 2129 759 2164 foliis
794 2128 1158 2173 cylindrico-ovoideis
1193 2128 1269 2163 basi
1303 2127 1427 2162 solutis
1460 2126 1521 2161 sed
1554 2138 1622 2160 non
1656 2126 1770 2169 gibbis

58 2179 397 2223 pruinoso-glaucis,
432 2178 468 2211 in
500 2177 650 2212 surculis
676 2176 822 2217 erectis,
856 2176 891 2210 in
917 2176 1076 2210 caulibus
1109 2175 1394 2220 erecto-patulis,
1428 2175 1536 2217 cyinis
1562 2172 1770 2208 floribundis

61 2225 309 2270 subbipartitis
343 2225 535 2259 bracteatis
566 2225 771 2267 corymbose
804 2223 1025 2267 aggregatis,
1063 2221 1207 2257 fioribus
1242 2222 1385 2256 minutis
1423 2220 1596 2265 pedicello
1634 2220 1769 2254 corolla

60 2273 286 2316 sublongiore
320 2271 494 2316 suffultisg
533 2271 664 2316 sepalis
698 2270 875 2313 oblongis,
910 2269 1040 2314 petalis
1073 2270 1193 2314 calyce
1225 2269 1333 2314 triplo
1366 2267 1584 2310 longioribus
1610 2267 1770 2301 ovalibus

61 2320 152 2354 albis
178 2325 214 2354 et
239 2329 344 2363 saepe
371 2329 487 2353 roseo·
512 2330 540 2352 v.
569 2318 913 2362 purpureo-venosis.
942 2317 1101 2351 antheris
1126 2316 1276 2351 exsertis
1302 2315 1574 2357 atro-violaceis,
1600 2314 1769 2358 cai-pellis

60 2367 162 2409 longe
196 2366 405 2400 acuminatis
443 2365 563 2410 petala
594 2364 846 2408 aequantibus,
884 2363 1158 2407 divergentibus.
1194 2383 1235 2388 —-
1270 2363 1372 2397 Folia
1410 2362 1537 2395 2-3“‘
1570 2361 1610 2400 l..
1647 2361 1769 2405 petala

63 2414 118 2446 1⁰¹
144 2413 258 2455 longa.

154 2470 194 2503 In
227 2470 314 2504 locis
347 2469 570 2513 rupestribus
603 2469 732 2513 apricis
766 2468 920 2511 regionis
958 2467 1132 2509 inferior.,
1171 2471 1326 2500 montan.
1358 2471 1393 2500 et
1432 2465 1538 2509 alpin.
1575 2465 1769 2509 Hispaniae

105 2517 269 2552 oriental.
297 2522 332 2550 et
357 2516 503 2550 austral.
529 2516 679 2560 passim:
707 2516 742 2548 in
764 2516 919 2558 Aragon.
946 2515 998 2556 (in
1023 2520 1139 2548 monte
1166 2514 1199 2548 S.
1225 2513 1320 2547 Juan
1346 2513 1389 2547 de
1416 2513 1451 2546 la
1476 2513 1576 2546 Pessa
1600 2518 1707 2555 atque
1733 2512 1767 2544 iu

106 2564 225 2598 Sierra
250 2563 293 2597 de
320 2563 494 2607 Moncayo
520 2562 564 2596 ad
590 2564 650 2596 alt.
678 2564 936 2603 2000—3500¹,
966 2561 1086 2606 ΨΚ),
1112 2561 1223 2595 Catal.
1252 2561 1378 2604 (frequ.
1405 2560 1438 2593 iu
1465 2570 1553 2593 zona
1580 2558 1710 2593 litorali
1736 2569 1766 2591 c.

107 2611 325 2653 Tarragona,
351 2610 605 2652 Tagamanent.
631 2609 819 2650 Moncada,
844 2609 878 2642 in
904 2609 1026 2643 Monte
1053 2608 1212 2651 Serrato,
1240 2607 1376 2642 CSTA.!
1404 2607 1439 2640 in
1465 2606 1598 2641 ditione
1625 2606 1657 2638 el
1684 2606 1768 2638 Am—

105 2658 253 2703 purdan,
280 2657 448 2701 TEXID.),
474 2666 581 2699 regno
607 2656 752 2692 Granat.
779 2656 916 2701 (Sierra
932 2655 1090 2694 Nevada,
1117 2655 1152 2688 in
1178 2654 1349 2689 calcareis
1375 2653 1417 2688 ad
1437 2654 1498 2687 alt.
1518 2653 1765 2686 (mou-'7000‘

106 2705 233 2750 rarius,
260 2703 360 2741 WK.,
386 2703 543 2746 ALTH.).
569 2723 613 2727 -
640 2711 676 2743 22.
703 2702 949 2746 Majo-Julio
975 2704 1021 2747 (v.
1047 2702 1104 2746 v.).

152 2762 244 2797 Hab.
270 2772 407 2806 quoque
432 2762 467 2795 in
492 2760 611 2795 Gallia
635 2766 670 2795 et
695 2760 826 2797 Sicilia.

153 2833 257 2866 3258.
305 2834 343 2866 S.
372 2833 516 2865 album
541 2830 582 2864 L.
609 2830 691 2864 Cod.
718 2841 750 2864 n.
777 2831 884 2865 3356!
912 2829 982 2864 GR.
1001 2828 1132 2864 GODR.
1160 2829 1183 2862 l.
1210 2840 1250 2869 c.,
1278 2827 1347 2861 DC.
1376 2822 1422 2860 I'c.
1450 2826 1496 2870 pl.
1515 2836 1628 2868 grass.
1658 2830 1680 2859 t.
1708 2827 1764 2861 22.

60 2880 154 2913 ALL.
182 2879 235 2913 Fl.
261 2878 402 2912 Pedem.
429 2884 453 2912 t.
481 2879 536 2919 65,
562 2877 584 2911 f.
611 2879 649 2911 2!
687 2876 833 2919 (Sedum
858 2878 972 2911 minus
999 2876 1015 2909 I
1042 2877 1155 2910 CLUS.
1182 2875 1275 2910 Hist.
1302 2874 1349 2918 pl.
1377 2873 1423 2913 II,
1450 2884 1481 2917 p.
1509 2873 1587 2915 591)
1638 2871 1767 2906 Differt

61 2937 83 2960 a
106 2925 288 2970 praeced,
324 2925 416 2969 quod
441 2925 473 2958 ei
501 2924 624 2958 habitu
657 2924 789 2968 simile,
823 2924 917 2958 foliis
951 2923 1170 2966 longioribus
1195 2921 1398 2966 patentibus
1424 2925 1458 2953 et
1483 2918 1629 2953 floribus
1657 2919 1763 2963 duplo

60 2973 263 3017 majoribus.
285 2992 327 2995 —
354 2971 537 3011 Glabrum,
563 2970 724 3005 eaulibus
749 2970 1046 3004 adscendentibus
1073 2969 1186 3003 5—3“
1206 2968 1227 3001 l.
1255 2968 1355 3012 apice
1380 2966 1762 3011 paniculato—ramosis,

59 3020 166 3054 ramis
204 3030 323 3064 cymas
359 3017 583 3052 floribundas
616 3017 833 3051 dichotomas
865 3017 1043 3052 subnudas
1077 3015 1280 3060 corymbum
1314 3013 1533 3057 fastigiatum
1568 3014 1761 3047 formantes
