1976 3314
1249 146 1280 158 α

904 154 999 202 246

240 287 278 329 β.
314 283 541 319 Duracina
566 279 928 327 (CerasusDuracina
952 278 1023 313 DC.
1049 278 1071 312 l.
1090 289 1118 311 c.
1139 290 1172 322 p.
1193 278 1306 320 5351),
1332 275 1453 321 drupis
1479 275 1616 318 magnis
1642 274 1802 309 cordato-

313 331 478 375 globosis,
505 329 605 373 apice
631 327 765 363 obtusis
789 339 820 361 v.
844 326 969 360 leviter
993 325 1132 364 bilobis,
1162 324 1279 358 colore
1304 324 1411 358 vario.
1449 323 1614 357 ι»(1616Ζο
1638 321 1801 366 durazno,

312 378 441 413 Cerezo
467 376 612 411 mollar«
642 374 798 417 Castell.,
827 373 972 407 »Cirera
996 372 1038 406 de
1064 372 1098 405 S.
1125 370 1299 404 Celimen«
1331 370 1442 405 Catal.

237 450 272 483 9>—
310 436 494 470 Juliana
531 434 621 477 (Cer.
655 432 800 467 Juliana
834 431 905 466 DC.
945 430 967 466 l.
1005 430 1069 474 6,),
1112 428 1233 472 drupis
1272 428 1586 463 cordato-ovoideis
1623 426 1804 471 depressis

312 483 468 526 magnis,
496 482 610 516 colore
635 480 741 514 vario.
795 478 945 512 »Cerezo
969 488 1114 519 comun,
1140 476 1269 510 Cerezo
1295 475 1441 510 mollar«
1470 474 1632 517 Castell.,
1663 473 1804 508 »Cirera

311 530 354 565 de
379 528 557 564 Guindas«
587 526 710 569 Catal.‚
739 524 982 559 »Cereixeiro«
1011 523 1146 557 Gallec.

196 589 334 625 Variet.
361 590 386 629 ,Β
413 592 447 621 et
472 599 497 631 9⁷
523 586 559 620 in
584 585 697 619 bortis
725 584 897 626 coluntur,
924 582 1030 616 variis
1057 582 1191 626 drupae
1217 580 1468 616 variationibus
1492 580 1665 616 ludentes.
1709 592 1742 613 (ι,
1770 579 1806 612 111

152 636 352 671 nemoribus
377 633 531 677 regionis
556 637 710 666 montan.
736 641 797 675 per
825 640 961 663 omnem
988 629 1061 663 sine
1084 629 1189 663 (lubio
1207 628 1430 672 Hispaniam,
1455 627 1538 660 hinc
1562 626 1643 660 inde
1668 625 1806 660 abunde

153 684 198 727 (v.
224 695 253 718 c.
279 683 316 716 in
341 681 460 715 Sierra
486 680 527 714 de
553 679 743 723 Moncayo,
778 677 884 720 ASS.,
911 675 1035 720 WK.),
1071 676 1103 709 in
1138 687 1245 718 regno
1271 675 1420 708 (lranat.
1453 674 1489 707 in
1519 673 1661 716 regione
1687 673 1807 717 alpina

153 730 286 775 (Sierra
310 727 456 763 Nevada
480 727 515 760 in
540 726 702 769 vallibus,
728 736 758 758 v.
778 735 805 757 c.
828 723 1008 757 Barranco
1034 723 1075 757 de
1094 722 1127 758 S.
1146 722 1251 763 Juan,
1278 723 1374 763 BSS.,
1400 720 1517 765 WK.),
1544 720 1808 764 subspontanea

152 778 187 812 in
213 768 354 820 sepibus
379 773 532 817 regionis
558 772 712 806 inferior.
733 771 944 805 Cantabriae
970 770 1036 814 (pr.
1056 770 1150 813 Irun,
1175 768 1435 803 Fuenterrabia
1461 772 1496 802 et
1519 767 1616 812 alibi,
1642 766 1744 809 WK.)
1765 786 1805 790 —

158 823 198 868 ἣ.
227 823 348 867 Mart,
374 821 415 855 fr.
442 820 552 864 Majo,
577 819 658 853 Jun.
686 818 728 861 (v.
753 817 811 861 v.).

199 869 290 904 Hab.
317 880 352 903 a.
377 868 412 901 in
438 866 636 901 nemoribus
663 864 830 908 silvisque
854 864 962 899 totius
986 863 1164 908 Europae,
1191 872 1263 897 exc¹
1286 861 1447 896 Scandin.
1474 865 1509 895 et
1533 860 1636 895 Ross.
1661 859 1808 894 boreali.

154 932 248 968 Soet.
275 931 347 966 IV.
386 929 544 964 Padus
569 929 687 964 KOOH
712 928 794 973 Syn.
821 928 874 962 ed.
900 927 927 973 Ι,
952 940 985 972 p.
1013 929 1098 962 207!
1146 927 1269 971 Drupa
1294 937 1403 970 parva
1428 925 1584 969 globosa,
1610 924 1810 969 pericarpio

316 978 440 1021 glabro
474 977 661 1021 epruinoso
694 976 751 1010 vix
785 975 900 1014 eduli,
936 974 1116 1019 putamine
1151 974 1495 1016 reticulato-rugoso.
1555 971 1696 1015 Species
1731 976 1812 1015 post

318 1025 480 1059 foliorum
507 1023 738 1058 evolutionem
764 1021 943 1063 florentes,
968 1021 1115 1055 floribus
1141 1020 1358 1064 corymbosis
1384 1033 1414 1054 v.
1434 1019 1636 1063 racemosis,
1660 1017 1810 1053 racemis

316 1070 533 1116 corymbisve
559 1081 577 1104 e
602 1069 748 1113 gemmis
774 1068 982 1104 lateralibus
1007 1067 1262 1112 prodeuntibus
1288 1067 1544 1102 terminalibus.

201 1136 303 1170 3500.
352 1137 396 1169 P.
422 1136 621 1170 Mahaleb
645 1133 686 1168 L.
706 1133 788 1169 Cod.
815 1144 846 1166 n.
875 1134 983 1166 3627!
1011 1132 1083 1166 GR.
1107 1131 1236 1166 GODR.
1262 1131 1284 1165 1.
1312 1142 1340 1167 6.
1367 1143 1400 1175 p.
1429 1132 1513 1164 516!
1541 1128 1705 1163 ΗΑΒΤωτ
1731 1129 1753 1163 1.
1781 1139 1808 1161 c.

107 1188 134 1218 t.
159 1183 223 1217 88!
274 1181 439 1226 (Cerasus
464 1181 632 1215 Mahaleb
657 1180 793 1222 MILL.,
819 1179 906 1223 DC.)
955 1179 1144 1213 Fruticosa
1170 1191 1198 1212 v.
1226 1178 1474 1220 arborescens,
1507 1176 1653 1211 ramulis
1679 1175 1812 1219 pallide

108 1229 310 1274 corticatis,
345 1228 438 1263 foliis
472 1228 688 1271 longiuscule
722 1226 921 1271 petiolatis,
956 1225 1293 1269 ovato—rotundatis,
1326 1224 1403 1259 basi
1436 1223 1676 1259 subcordatis,
1712 1222 1811 1265 apice

108 1276 261 1311 breviter
287 1275 506 1318 acuminatis,
533 1273 886 1318 calloso-crenulatis,
913 1273 1076 1316 utrinque
1095 1272 1239 1316 glabris,
1265 1282 1373 1315 supra
1398 1270 1519 1305 nitidis
1548 1270 1642 1314 1‘¹l.;
1668 1268 1813 1304 floribus

112 1324 529 1368 corymboso-racemosis
557 1320 716 1365 ¹s2—3s4‘¹
744 1320 869 1365 diam,
897 1320 1028 1364 sepalis
1053 1318 1206 1361 reflexis,
1232 1318 1407 1364 corymbis
1433 1316 1638 1363 paucifioris
1663 1316 1812 1361 patulis3

111 1370 234 1415 drupis
260 1369 586 1414 ovoideo-globosis,
616 1368 683 1413 pisi
707 1367 959 1411 magnitudine,
985 1366 1110 1410 nigris,
1136 1365 1258 1400 acidis

201 1426 242 1460 In
274 1426 359 1462 locis
395 1427 617 1470 rupestribus
656 1425 786 1469 apricis
820 1424 975 1467 regionis
999 1424 1193 1468 Hispaniae
1233 1422 1385 1467 boreal,
1418 1422 1563 1457 central.
1593 1426 1628 1456 et
1653 1421 1813 1456 oriental.

154 1474 306 1518 passim:
340 1473 375 1507 in
401 1473 567 1509 Cantabr.
601 1472 749 1517 (ditione
773 1471 952 1513 Liebana,
987 1472 1276 1514 SOHAUFUSSU,
1312 1469 1455 1504 montib.
1489 1469 1665 1503 Castellae
1699 1468 1745 1506 (S.
1773 1467 1814 1502 de

155 1520 412 1563 Guadarrama,
438 1519 540 1564 CUT.,
566 1531 619 1563 pr.
640 1518 849 1561 Encinillas,
876 1518 1021 1562 LGE.!),
1049 1518 1202 1561 Aragon.
1223 1527 1266 1551 (c.
1284 1517 1471 1559 Purujosa,
1497 1515 1671 1559 Badenas,
1698 1515 1812 1549 Pitar-

156 1577 234 1610 que,
260 1567 361 1612 Ass„
387 1565 651 1606 Valderrobles,
677 1565 807 1608 LOSC„
833 1565 959 1599 PARD.
973 1565 1006 1608 1),
1033 1565 1143 1599 Catal.
1171 1565 1221 1608 (in
1248 1564 1364 1598 vallib.
1383 1564 1609 1608 Pyrenaeor.,
1636 1563 1672 1596 in
1698 1566 1813 1596 monte

156 1613 211 1648 La
234 1613 335 1647 Pena
360 1625 412 1657 pr.
438 1612 616 1657 Francoli,
643 1611 772 1651 CSTA.,
798 1622 919 1646 versus
945 1613 1079 1653 Berga,
1107 1610 1235 1653 Urgel,
1261 1610 1412 1653 COLM.).
1439 1630 1482 1634 —
1508 1609 1553 1653 ὴ.
1579 1610 1678 1654 Apr.,
1704 1609 1812 1652 Majo,

156 1660 197 1694 fr⁴
225 1665 307 1695 mat.
334 1659 417 1701 Jul„
443 1660 533 1702 Aug.
559 1660 605 1701 (v.
633 1660 686 1703 s.).
739 1658 889 1692 »Cerezo
916 1658 958 1693 de
984 1658 1047 1692 Sta
1072 1657 1204 1691 Lucia«
1234 1658 1390 1700 Aragon.

204 1706 294 1741 Hah.
320 1706 356 1740 in
378 1705 483 1749 Gall„
510 1706 620 1749 Helv.,
647 1705 764 1740 Germ.
791 1705 949 1739 rhenana
974 1710 1009 1739 et
1034 1704 1194 1746 australi,
1221 1705 1352 1749 Austu,
1380 1703 1509 1747 Croat„
1534 1701 1661 1746 Hung,
1688 1701 1818 1735 Trans-

159 1753 246 1796 silv.,
272 1753 400 1798 Dalm,
427 1753 544 1795 Turc.,
570 1752 708 1797 Graec,
734 1751 868 1797 Podol.,
895 1751 1040 1795 Tauria,
1066 1752 1181 1786 Italia.

204 1812 306 1845 3501.
355 1813 398 1844 P.
425 1813 569 1845 Padus
602 1810 644 1843 L.
670 1809 751 1845 Cod.
787 1821 817 1844 n.
846 1811 954 1844 3622!
985 1809 1066 1849 ER.
1094 1810 1223 1843 Goon.
1256 1809 1279 1842 1.
1306 1820 1354 1851 6.,
1391 1808 1557 1842 HARTIG
1589 1807 1611 1840 l.
1638 1817 1666 1840 c.
1700 1811 1725 1841 t.
1751 1807 1811 1841 87!

111 1856 277 1901 (Cerasus
301 1857 419 1891 Padus
445 1857 532 1901 DC„
570 1857 725 1891 BOURG.
752 1857 799 1900 pl.
827 1856 929 1900 Hisp.
956 1867 1029 1891 exs.
1065 1868 1097 1891 n.
1125 1856 1252 1899 25342)
1300 1855 1489 1889 Fruticosa
1521 1866 1552 1887 v,
1577 1854 1817 1895 arborescens,

111 1903 257 1939 ramulis
282 1903 578 1938 fasce-corticatis
605 1904 757 1949 glabris,
789 1902 880 1937 foliis
909 1903 1186 1945 ovato-oblongis
1212 1902 1437 1945 acuminatis,
1470 1905 1594 1943 argute
1621 1899 1817 1940 serrulatis,

110 1950 276 1986 mollibus
303 1951 417 1985 ’.ἶ-δ”
435 1952 470 1994 1.,
497 1951 637 1985 brevius
662 1950 861 1995 petiolatis;
889 1953 1039 1983 racemis
1065 1949 1178 1992 longis
1204 1947 1412 1983 floribundis
1437 1947 1569 1992 patulis
1594 1958 1623 1981 v.
1642 1946 1816 1991 pendulis,

112 1996 255 2031 fioribus
291 1997 483 2032 minoribus
521 2008 624 2041 quam
660 1997 697 2030 in
731 1997 849 2041 specie
887 1996 1073 2040 praeced,
1113 1995 1244 2040 sepalis
1276 1995 1404 2030 erectis
1442 1993 1814 2037 glanduloso-ciliatis3

113 2043 236 2089 drupis
262 2044 415 2087 globosis
440 2044 550 2088 nigris
576 2043 644 2088 pisi
669 2043 921 2087 magnitudine,
948 2042 1232 2077 amaro-acerbis.

207 2101 248 2135 In
281 2102 483 2137 nemoribus
515 2102 735 2145 dumetisque
770 2101 923 2144 regionis
958 2106 1146 2135 montanae
1178 2100 1373 2144 Hispaniae
1409 2099 1561 2140 boreal,
1600 2098 1745 2132 central.
1783 2102 1818 2132 et

160 2148 322 2184 oriental.
349 2150 430 2184 hinc
457 2148 552 2183 inde:
588 2150 623 2182 in
650 2148 785 2182 Gallec.
818 2148 972 2192 (Montes
1005 2148 1047 2182 de
1073 2147 1105 2181 S.
1134 2147 1290 2191 Lazaro,
1317 2146 1472 2189 PLAN.),
1507 2144 1652 2179 montib.
1679 2144 1818 2189 Carpet.

163 2196 228 2240 (pr.
246 2195 481 2241 Bustarviejo,
507 2195 649 2239 QUER),
675 2195 882 2230 Extremad.
909 2195 1032 2239 (supra
1050 2195 1258 2231 Cabezuela.
1285 2194 1319 2227 in
1346 2194 1525 2228 cacumine
1554 2191 1681 2226 montis
1700 2191 1817 2225 Sierra

161 2242 204 2276 de
231 2241 440 2278 Tormentos
466 2254 518 2287 pr.
544 2243 748 2287 Plasencia,
773 2241 980 2283 BOURG.!),
1015 2241 1126 2276 Catal.
1153 2241 1203 2285 (in
1230 2240 1430 2275 nemoribus
1461 2239 1616 2282 regionis
1641 2238 1818 2282 subalpin.

163 2300 216 2333 pr.
241 2288 432 2324 Montardo
458 2290 494 2323 in
519 2289 692 2324 adscensu
717 2288 761 2323 ad
786 2288 852 2323 Pto
878 2288 920 2322 de
939 2287 1076 2332 Caldes,
1103 2299 1132 2322 c.
1150 2288 1283 2328 Arties,
1309 2287 1444 2321 CSTA.!
1472 2297 1525 2331 pr.
1545 2285 1636 2327 Olot,
1664 2284 1817 2329 TEXID.,

162 2336 198 2369 in
224 2335 366 2379 Pyren.,
393 2335 543 2379 COLM.).
593 2335 727 2370 Colitur
752 2335 857 2369 etiam
883 2335 919 2368 in
946 2335 1071 2369 hortis.
1101 2355 1142 2358 —
1168 2335 1213 2377 ᾖ.
1239 2334 1356 2378 Majo,
1383 2333 1484 2377 ι11111,
1510 2332 1551 2367 fr.
1578 2334 1667 2374 Aug.
1695 2332 1738 2376 (v.
1767 2331 1818 2375 s.).

167 2382 317 2416 »Cerezo
344 2382 451 2417 alise«
482 2382 635 2424 Castess„
666 2382 785 2416 »Cirer
803 2381 900 2416 bort«
930 2381 1052 2426 Catal,
1084 2381 1214 2416 »Arbol
1242 2381 1283 2415 de
1309 2381 1345 2414 la
1369 2380 1478 2422 rai-ia,
1504 2380 1577 2413 Pao
1603 2379 1645 2412 de
1664 2377 1698 2411 S.
1717 2377 1818 2412 Guir-

163 2428 282 2472 gorio«
311 2428 444 2463 Gallec.

211 2475 301 2509 Hab.
327 2475 363 2508 in
388 2475 502 2511 Lusit.
531 2475 614 2515 bor„
641 2473 745 2516 Gall„
770 2474 918 2516 Britan,
951 2473 1127 2517 Scandin.,
1153 2474 1301 2518 Europa
1325 2472 1426 2516 med„
1452 2472 1544 2515 Ital,
1570 2471 1709 2506 Rossia.

211 2533 340 2566 *3502
389 2535 433 2566 P.
460 2535 771 2567 Lauroeerasus
797 2531 837 2565 L.
864 2531 946 2566 Cod.
974 2544 1004 2566 n.
1032 2533 1142 2566 3626!
1170 2532 1318 2565 HAYNE
1342 2530 1364 2564 l.
1392 2542 1418 2564 c.
1444 2530 1513 2573 IV,
1540 2535 1563 2565 t.
1590 2531 1652 2564 41!
1702 2528 1819 2563 Fruti-

118 2589 200 2614 cosa
223 2592 253 2613 v.
272 2580 513 2623 arborescens,
540 2579 808 2624 sempervirens,
835 2578 929 2613 foliis
955 2579 1125 2613 coriaceis
1151 2577 1482 2613 ovato-lanceolatis
1502 2582 1635 2610 remote
1662 2575 1818 2616 serratis,

119 2626 264 2669 glabris,
292 2637 402 2671 supra
426 2627 644 2668 lucentibus,
671 2625 795 2659 subtus
821 2625 865 2659 ad
889 2636 1035 2659 nervum
1061 2624 1213 2658 medium
1240 2623 1586 2667 2—4-glandulesis3
1613 2621 1756 2655 floribus
1783 2621 1819 2654 in

118 2683 277 2707 racemos
312 2673 395 2708 folio
434 2673 613 2707 breviores
651 2677 787 2706 erectos
824 2671 1024 2716 dispositis,
1061 2671 1316 2716 mediocribus3
1355 2670 1474 2715 drupis
1512 2669 1629 2714 parvis
1667 2667 1818 2702 ovoideis

121 2720 231 2762 nigris
255 2721 403 2756 acerbis,

213 2766 347 2801 Colitur
371 2767 537 2810 frequens
562 2766 597 2800 in
623 2766 747 2809 hortis,
772 2764 962 2809 praecipue
988 2764 1024 2798 in
1043 2764 1261 2799 Catalaunia.
1283 2783 1324 2788 —
1351 2763 1396 2807 ὴ.
1421 2762 1561 2806 Vere(v.
1580 2762 1624 2807 v).
1655 2760 1817 2795 »Laurel¹

168 2813 254 2857 real,
279 2813 398 2848 Lauro
423 2812 509 2854 real,
535 2812 647 2847 Loro«
677 2812 820 2847 Castell.

214 2859 305 2894 Hab.
332 2865 454 2904 sponte
480 2860 516 2893 in
541 2859 680 2903 Graec,
705 2859 820 2903 Ture,
848 2857 935 2892 Asia
960 2856 1103 2891 minore.

737 2928 904 2968 Species
929 2926 1203 2965 inquirenda:

126 2997 161 3032 P
184 2997 472 3031 Lusitanica
506 2998 546 3031 L.
573 2998 655 3033 Cod.
681 3009 714 3032 n.
741 2999 847 3032 3625!
881 3018 912 3021 —
947 2997 981 3030 in
1006 2995 1167 3031 Lusitan.
1203 2997 1275 3031 bor.
1309 3001 1343 3030 et
1374 2994 1482 3040 med,
1521 2994 1753 3039 probabiliter
1784 2993 1819 3027 in

332 3043 477 3089 Gallec.,
503 3055 610 3088 regno
635 3045 782 3088 Legion.
808 3057 838 3079 v.
865 3042 1136 3078 Extremadura.
