1976 3314
889 151 979 197 2141

388 325 496 370 Trib.
534 325 582 369 V.
652 325 959 383 Spiraeeae
995 325 1080 370 DC.
1117 330 1381 377 Pr0d1·.11‚p.
1409 331 1487 367 541.

204 435 454 475 DCCLXXV.
503 435 719 475 SPIRAEA
754 435 795 475 L.
824 435 921 476 Gen.
954 436 1003 488 pl.
1050 436 1243 490 Epicalyx
1275 436 1423 479 nullus.
1476 439 1619 491 Sepala
1652 439 1676 480 5
1708 440 1794 492 basi

84 495 190 534 inter
222 507 267 533 se
300 499 340 533 et
371 506 460 533 cuni
495 499 583 533 toro
616 506 792 534 concavo
819 499 990 534 connata
1014 494 1195 548 calycem
1220 496 1524 549 gamosepalum
1558 496 1795 550 5—partitum

84 552 307 592 formantia.
353 552 484 592 Petala
509 551 545 591 5.
595 553 770 592 Stamina
795 553 928 594 multa.
976 552 1127 593 Pistilla
1151 554 1174 593 5
1199 554 1308 606 (raro
1333 552 1462 607 2n-1)
1495 555 1532 594 in
1568 557 1645 595 tori
1668 556 1792 598 fundo

85 610 336 661 verticillata,
369 610 473 663 stylo
507 611 720 652 terminali.
768 610 948 651 Folliculi
984 610 1026 651 2-
1062 625 1094 651 v.
1129 610 1406 664 pleiospermi.
1431 636 1486 641 —-
1507 612 1666 654 Herbae
1700 627 1793 668 per·

86 681 212 709 ennes
247 674 314 708 aut
346 668 527 710 frutices

747 760 771 802 †
796 759 909 795 Folia
935 759 1127 804 stipulata.

178 842 281 874 3486.
331 843 368 875 S.
394 843 666 883 Filipendula
692 841 731 877 L.
758 841 840 876 Cod.
873 854 905 876 n.
933 844 1043 878 3727!
1082 842 1155 877 GR.
1180 842 1310 877 GODR.
1344 843 1365 877 l.
1392 854 1420 877 c.
1454 855 1488 887 p.
1517 844 1604 879 517!
1643 844 1795 880 HAYNE

84 888 136 922 Pl.
162 888 252 922 offic.
279 887 381 930 VIII,
406 894 429 922 t.
458 890 520 924 30!
555 888 659 922 ΒΑΜ.
686 889 740 923 Ill.
767 894 791 924 t.
817 891 906 934 4393
943 889 1030 924 WK.
1058 891 1104 934 pl.
1132 890 1225 935 hisp.
1251 901 1323 925 exs.
1353 891 1444 924 1850
1469 901 1500 924 n.
1529 892 1608 925 382.
1660 891 1795 927 Glabra

83 941 143 969 aut
168 936 376 980 pubescens,
402 934 500 970 fibris
527 935 732 970 rhizomatis
758 936 860 981 apice
881 937 1275 973 tuberoso-incrassatis
1300 937 1502 983 (tuberibus
1527 938 1688 982 oblongis
1714 950 1798 985 pen-

84 982 208 1026 dulis),
235 982 334 1016 caule
361 989 477 1017 erecto
503 981 621 1026 pedali
647 988 681 1016 et
707 983 820 1025 ultra,
846 984 986 1029 gracili,
1014 984 1182 1029 simplici,
1210 983 1388 1029 subnudo,
1413 985 1513 1029 apice
1540 996 1677 1030 cymam
1703 998 1795 1022 com-

83 1029 236 1073 positam
267 1029 506 1073 paniculatam
538 1028 775 1063 floribundam
809 1030 965 1073 ferente;
1000 1030 1093 1065 foliis
1126 1033 1201 1066 fere
1233 1031 1394 1065 omnibus
1419 1032 1636 1068 basilaribus
1662 1034 1798 1079 caespi-

83 1076 181 1120 tosis,
206 1076 507 1121 brevepetiolatis,
534 1077 682 1111 circuitu
708 1077 926 1121 lanceolatis,
953 1078 1152 1122 interrupte
1177 1079 1434 1124 pinnatisectis,
1461 1080 1654 1122 segmentis
1678 1090 1797 1115 nume-

84 1123 271 1158 rosissimis
308 1133 372 1167 per
405 1124 506 1168 paria
539 1123 704 1167 (15—20)
738 1124 939 1169 dispositis,
974 1125 1169 1170 majoribus
1202 1125 1441 1171 pinna-tifidis,
1477 1126 1639 1162 lacinulis
1676 1127 1797 1163 incisis

83 1170 274 1213 integrisve
300 1171 399 1214 apice
425 1171 607 1215 setulosis,
640 1171 699 1207 fol.
726 1172 875 1206 caulinis
906 1173 1029 1216 paucis
1055 1172 1156 1207 valde
1182 1172 1326 1207 remotis
1353 1173 1464 1207 multo
1489 1174 1701 1219 minoribus;
1737 1175 1797 1211 sti-

84 1218 176 1263 pulis
209 1217 369 1259 falcatis,
409 1218 569 1261 margine
604 1218 770 1253 interiore
804 1219 1051 1262 integerrimo,
1088 1220 1263 1254 exteriore
1297 1226 1422 1263 argute
1457 1227 1612 1265 serrat0;
1650 1220 1798 1258 fioribus

85 1265 203 1309 parvis
236 1264 305 1308 (4¹⁰
332 1264 470 1309 diam),
507 1265 596 1299 lobis
633 1266 765 1310 calycis
800 1266 937 1301 obtusis
972 1267 1160 1303 coloratis.
1196 1267 1327 1312 petalis
1360 1267 1705 1313 obovato-cuneatis,
1741 1270 1799 1304 vix

84 1311 332 1355 unguiculatis.
359 1313 569 1347 staminibus
595 1313 726 1347 corolla
752 1313 989 1358 brevioribus,
1017 1314 1184 1349 folliculis
1210 1315 1338 1349 erectis
1363 1315 1650 1359 pubescentibus.

179 1370 220 1403 In
245 1370 357 1414 pratis
383 1370 541 1414 locisque
574 1371 784 1414 graminosis
819 1373 1012 1416 praecipue
1045 1373 1119 1407 solo
1153 1373 1315 1408 calcareo
1341 1373 1376 1407 in
1402 1373 1545 1416 regione
1571 1374 1740 1409 inferiore
1765 1379 1800 1409 et

133 1418 325 1461 praecipue
349 1423 517 1452 montana
543 1419 650 1452 totius
684 1419 921 1463 probabiliter
945 1419 1142 1465 Hispaniae
1174 1420 1327 1465 passim,
1361 1421 1397 1453 in
1432 1427 1534 1465 parte
1569 1421 1732 1456 orientali
1765 1426 1799 1455 et

134 1464 269 1498 boreali
297 1466 382 1499 satis
407 1464 589 1509 frequens,
635 1465 670 1498 in
695 1466 845 1500 australi
871 1477 952 1500 raro
980 1468 1020 1510 (v.
1048 1478 1076 1504 c.
1104 1468 1139 1501 in
1165 1472 1282 1502 monte
1308 1467 1429 1502 Sierra
1455 1467 1497 1502 de
1523 1468 1668 1503 Alfacar
1699 1468 1800 1512 regni

132 1511 298 1555 Granat.,
325 1512 426 1553 Ess,
455 1512 571 1555 WK.).
603 1532 642 1535 —
671 1521 705 1552 At.
732 1513 978 1557 Majo—Julio
1005 1514 1047 1559 (v.
1073 1516 1129 1559 v.).
1185 1514 1392 1558 »Saxifraga
1418 1515 1512 1560 roJ‘a,
1546 1515 1796 1561 Filipendula‹

134 1558 291 1601 CasteH„
322 1559 464 1593 »Herba
489 1559 546 1593 del
571 1560 681 1604 pobre
707 1560 831 1595 home«
862 1561 972 1595 Catal.

178 1615 270 1651 Hah.
296 1617 332 1650 in
358 1617 449 1651 omni
476 1617 632 1662 Europa,
660 1628 734 1652 exc.
761 1618 922 1653 Graecia.

180 1688 282 1721 3487.
332 1690 371 1721 S.
397 1690 589 1722 Ulmaria
614 1688 654 1724 L.
683 1688 765 1723 Cod.
790 1701 823 1725 n.
852 1690 964 1724 3728!
1001 1688 1072 1723 GR.
1099 1688 1228 1724 GODR.
1255 1687 1277 1722 l.
1305 1700 1352 1731 c.,
1390 1688 1540 1724 HAYNE
1565 1689 1587 1723 l.
1614 1700 1645 1724 c.
1680 1695 1703 1725 t.
1733 1692 1796 1725 31!

86 1733 204 1769 Elata.
232 1735 384 1778 robusta,
411 1735 617 1770 rhizomatis
643 1734 740 1770 fibris
767 1747 835 1770 non
860 1737 1048 1781 tuberosis,
1073 1736 1174 1770 caule
1193 1741 1313 1770 erecto
1340 1736 1463 1770 stricto
1492 1736 1641 1780 1¹s2—4¹
1668 1737 1689 1771 l.
1717 1738 1798 1772 sim-

85 1781 184 1825 plici.
223 1781 323 1825 apice
360 1792 466 1826 saepe
491 1783 645 1825 furcato,
679 1783 822 1827 striato,
851 1783 992 1825 glabro,
1020 1783 1164 1827 foli0s03
1197 1783 1291 1817 foliis
1317 1782 1516 1828 interrupte
1542 1783 1798 1829 pinnatisectis,

85 1827 310 1863 inferioribus
342 1829 444 1872 longe
480 1829 710 1874 petiolatibus
747 1829 869 1873 ΤΖ-Γ
896 1831 940 1873 l.,
979 1830 1124 1865 summis
1160 1829 1412 1865 subsessilibus
1448 1830 1558 1865 multo
1593 1831 1798 1876 minoribus,

84 1875 216 1919 petiolo
249 1886 423 1919 nervoque
455 1877 569 1910 medio
603 1877 775 1921 puberulo
808 1877 863 1911 vel
898 1882 1114 1922 tomentoso,
1149 1877 1340 1919 segmentis
1376 1882 1437 1912 aut
1468 1878 1632 1921 utrinque
1666 1879 1801 1921 glabris

84 1922 255 1957 viridibus
282 1923 420 1967 (subtus
445 1923 709 1967 pallidioribus)
742 1929 803 1958 aut
837 1925 959 1959 subtus
991 1925 1205 1959 canescenti·
1237 1936 1266 1958 v.
1293 1926 1688 1967 argenteo-tomentosis
1715 1926 1800 1970 (var.

85 1974 341 2004 tomentosa
366 1970 520 2015 CAMB.),
546 1976 671 2014 argute
697 1970 1059 2017 duplicato-serratis,
1084 1971 1278 2016 majoribus
1305 1972 1416 2006 oratis
1443 1971 1706 2017 lanceolatisve,
1731 1978 1801 2007 ter-

84 2016 274 2051 minalibus
298 2018 318 2050 3
337 2016 606 2063 confluentibus,
632 2018 829 2061 interjectis
847 2018 1088 2062 magnitudine
1106 2019 1215 2053 variis
1234 2018 1295 2053 sed
1313 2018 1467 2062 minutis,
1492 2018 1631 2064 incisis;
1659 2020 1800 2064 stipulis

87 2064 437 2099 semiorbicularibus
463 2064 637 2107 dentatis3
665 2064 810 2100 floribus
830 2066 1125 2100 numerosissimis
1151 2066 1187 2099 in
1205 2076 1325 2110 cymas
1343 2066 1556 2109 compositas
1574 2067 1800 2111 paniculatas

85 2111 290 2145 terminales
316 2110 516 2156 dispositis,
552 2112 689 2157 parvis,
725 2112 933 2147 staminibus
967 2114 1088 2157 petala
1120 2114 1270 2148 obovata
1296 2113 1398 2156 longe
1425 2113 1655 2156 unguiculata
1681 2124 1800 2158 super-

85 2158 238 2202 antibus,
263 2158 430 2194 folliculis
456 2159 492 2193 in
519 2161 651 2204 spiram
679 2160 850 2194 contortis
876 2160 1021 2203 glabris.

178 2215 235 2249 Ad
260 2216 357 2260 ripas
384 2217 555 2261 rivorum,
590 2217 777 2261 paludum,
812 2217 848 2250 in
880 2218 994 2262 pratis
1025 2217 1210 2260 uliginosis
1236 2217 1390 2260 regionis
1416 2217 1574 2252 inferior.
1601 2217 1798 2262 Hispaniae

132 2262 264 2297 boreal.
290 2263 468 2309 frequens,
493 2264 528 2297 in
554 2264 707 2309 provinc.
733 2265 880 2299 central.
908 2270 942 2299 et
969 2265 1131 2299 oriental.
1158 2265 1290 2309 passim
1317 2270 1351 2298 et
1377 2264 1569 2309 praecipue
1595 2264 1631 2298 in
1656 2265 1798 2306 regione

133 2314 298 2344 montana
331 2312 383 2355 (in
415 2311 593 2346 montibus
627 2311 768 2355 Carpet.
803 2322 831 2345 c.
864 2311 895 2345 el
920 2312 1072 2349 Paular,
1107 2311 1346 2355 Somosierra,
1382 2311 1524 2355 COLM.,
1552 2311 1659 2353 WK.,
1694 2311 1798 2354 CUT.,

132 2356 423 2401 Hoyoqueceros,
448 2359 621 2394 BOURG.!
649 2359 684 2392 in
709 2359 912 2401 Aragoniae
939 2359 1154 2403 Pyrenaeor.
1180 2358 1351 2400 vallibus,
1378 2357 1487 2403 WK.,
1525 2369 1553 2392 c.
1581 2359 1798 2403 Cantavieja,

133 2402 296 2446 Linares,
322 2404 358 2438 in
383 2412 500 2440 monte
521 2406 709 2449 Palomita,
736 2407 843 2449 Ass,
871 2405 907 2439 in
925 2406 1153 2440 Catalauniae
1179 2416 1253 2449 reg.
1280 2410 1387 2439 mont.
1415 2405 1566 2450 abunde,
1591 2405 1735 2449 CSTA).
1752 2425 1798 2430 —

138 2459 173 2489 4.
201 2450 423 2495 Just—Aug.
451 2453 493 2496 (v.
512 2453 569 2496 v.).
608 2453 741 2487 »Reina
766 2452 809 2486 de
834 2452 887 2486 los
912 2452 1064 2497 prades«
1093 2452 1250 2498 Castell,
1281 2452 1415 2486 »Reina
1435 2452 1511 2487 dels
1537 2458 1657 2497 prats«
1686 2451 1798 2488 Catal.

180 2508 270 2561 Hab.
296 2509 331 2543 in
357 2510 448 2544 omni
474 2510 640 2555 Europa,
679 2516 781 2556 parte
817 2511 1028 2555 peninsulae
1060 2521 1183 2556 pyren.
1218 2510 1467 2546 austro-occid.
1500 2516 1535 2545 et
1559 2510 1709 2546 Graecia
1739 2521 1798 2545 ex-

134 2561 258 2600 ceptis.

715 2637 763 2679 ††
793 2637 905 2672 Folia
929 2638 1169 2682 eac-stipulata.

182 2717 283 2750 3488.
336 2718 373 2750 S.
402 2718 599 2750 Art-meus
633 2716 673 2750 L.
701 2716 782 2751 Cod.
816 2729 847 2751 n.
876 2719 985 2753 3726!
1027 2718 1098 2752 GR.
1125 2717 1255 2753 GODR.
1289 2717 1311 2751 l.
1338 2728 1366 2751 c.
1399 2728 1432 2761 p.
1459 2717 1545 2751 518!
1585 2716 1707 2751 PALL.
1741 2717 1797 2754 Fl.

86 2762 188 2799 Ross.
215 2769 238 2798 t.
253 2765 313 2797 26!
350 2763 485 2807 Dicit-a,
512 2763 646 2807 glabra,
673 2765 772 2797 caule
791 2765 884 2798 elato
907 2768 1010 2798 2—4‘
1030 2766 1052 2799 l.
1080 2765 1231 2809 simplici
1256 2764 1389 2806 foliato,
1416 2764 1509 2802 foliis
1536 2765 1669 2806 magnis
1695 2764 1797 2808 longe

86 2811 271 2854 petiolatis
298 2811 423 2855 (etiam
444 2810 605 2853 summis)
631 2811 837 2844 ternato-bi-
863 2823 891 2845 v.
913 2812 1221 2856 tripinnatisectis,
1249 2810 1438 2853 segmentis
1456 2815 1573 2844 ovato·
1591 2822 1618 2845 v.
1638 2811 1797 2846 cordato-

87 2857 315 2899 lanceolatis,
351 2857 454 2899 longe
489 2857 717 2894 acuminatis,
752 2864 875 2899 argute
910 2864 944 2893 et
978 2858 1342 2903 duplicato-serratis,
1380 2856 1542 2892 dentibus
1567 2858 1796 2903 acuminatis;

86 2902 235 2939 fioribus
266 2904 566 2939 numerosissimis
601 2904 635 2937 in
670 2904 875 2948 paniculam
908 2905 1128 2939 terminalem
1163 2903 1403 2948 thyrsoideam
1437 2914 1456 2938 e
1493 2904 1644 2940 racemis
1677 2905 1797 2940 multis

86 2951 319 2996 compositam
344 2951 538 2995 congestis,
566 2951 777 2985 staminibus
803 2952 1040 2986 masculorum
1065 2952 1185 2996 petala
1210 2950 1525 2994 obovato-oblonga
1548 2951 1651 2995 longe
1676 2962 1798 2997 super-

86 2997 236 3041 antibus,
262 2997 376 3033 florib.
401 2998 562 3032 femineis
588 2997 792 3039 minoribus,
817 2998 1010 3033 fructiferis
1037 2998 1255 3041 nutantibus,
1282 2996 1448 3032 folliculis
1466 2998 1571 3033 rectis
1588 2999 1733 3042 glabris.
1752 3019 1795 3023 —-

88 3043 193 3079 Folia
218 3045 338 3079 infima
363 3057 442 3080 cum
468 3044 600 3089 petiole
628 3055 734 3089 saepe
760 3044 951 3090 bipedalia,
978 3045 1105 3079 limbus
1131 3045 1279 3080 circuitu
1305 3044 1547 3088 triangularis.

156 3109 245 3134 Flora
265 3110 428 3141 hispanica.
469 3110 527 3134 III.
1474 3104 1517 3137 16
