1976 3314
42 1276 113 1331 vs

67 2676 165 2755 ,β’

923 92 1017 137 369

120 217 192 251 DC.
218 216 273 253 Fl.
299 215 340 251 fr.
367 215 428 258 IV,
453 225 486 258 p.
513 213 600 248 531!
640 217 676 248 et
699 219 832 250 auctor.
858 211 1059 257 Hispan.‘?).
1108 212 1221 246 Parce
1248 216 1283 246 et
1307 211 1476 256 adpresse
1502 211 1696 257 hirsutum,
1730 213 1822 249 laete

119 265 246 310 virens,
271 263 372 298 caule
399 265 517 297 erecto
542 260 685 296 robusto
714 261 814 295 1—-2⁴
832 260 866 304 1.,
890 258 1061 303 flexuoso,
1087 258 1209 302 patule
1235 268 1392 299 ramoso;
1418 258 1511 293 foliis
1537 259 1696 294 omnibus
1714 262 1823 304 petio-

120 311 222 354 latis,
257 309 389 345 foliolis
414 307 551 351 magnis
576 307 737 352 oblongis
761 320 791 343 v.
817 305 1212 350 oblongo-lanceolatis,
1250 305 1352 349 apice
1384 306 1514 340 retusis
1539 307 1822 350 mucronatisque

120 358 297 403 (foliorum
335 365 548 391 summorum
585 356 699 391 acutis
737 353 964 400 cuspidatis),
1001 352 1159 387 obsolete
1196 352 1440 395 denticulatis;
1480 352 1622 397 stipulis
1656 355 1825 396 angustis,

120 409 223 450 parte
247 404 360 439 libera
383 403 562 437 herbacea
585 401 792 446 longissima
816 399 1179 443 lineari-acuminata3
1206 399 1372 443 capitulis
1397 399 1558 442 oblongis
1577 398 1825 443 pedunculatis

120 451 235 494 nudis,
260 450 407 485 floribus
433 449 490 483 5¹⁰
515 449 550 492 1.,
576 449 708 494 calycis
734 448 812 484 basi
836 446 1204 491 tuberculato-pilosi,
1231 445 1333 480 fauce
1356 446 1452 481 intus
1478 446 1579 480 callis
1605 447 1625 479 2
1651 447 1825 491 oppositis

121 498 234 534 clausi
257 498 341 532 tubo
365 496 411 531 ad
434 495 573 530 faucem
597 496 801 540 constricto,
825 494 965 530 laciniis
988 493 1091 528 valde
1116 493 1376 536 inaequalibus,
1402 495 1423 527 4
1439 503 1565 538 nempe
1584 494 1826 538 superioribus

121 542 548 580 lanceolam-acuminatis
581 543 760 578 trinerviis
792 542 915 578 tubum
950 540 1271 585 subaequantibus,
1313 540 1434 574 infima
1473 540 1517 575 iis
1559 540 1714 584 tuboque
1747 541 1826 585 plus
1866 577 1870 583 ¹

121 592 230 637 duplo
255 591 414 635 longiore
440 589 787 626 lineari-lanceolata
811 588 950 623 demum
976 587 1126 631 reflexa,
1164 587 1297 622 corolla
1333 587 1471 631 albida,
1508 577 1637 621 vexillo
1663 588 1825 622 laciniam
1847 600 1849 603 >

122 639 230 684 calyc.
255 637 410 673 infimam
437 638 679 681 subaequante
704 636 854 680 oblongo
879 636 1015 676 obtus0,
1043 634 1134 680 stylo
1158 633 1271 669 libero
1297 634 1351 678 (P),
1376 633 1554 678 legumine
1579 634 1718 668 bivalvi.

215 696 256 730 In
280 695 459 741 Hispania
486 695 571 741 (DC.
597 694 721 730 Prodr.
748 694 796 738 II,
821 706 855 739 p.
884 692 997 736 1941).
1046 692 1088 727 In
1113 692 1290 728 Castellae
1315 702 1424 727 novae
1450 692 1582 727 ditione
1608 692 1643 726 la
1660 692 1828 727 Alcarria

169 742 278 788 (PAL.
304 753 347 778 ex
373 742 497 778 COLM.
523 742 592 788 Ap.
616 754 650 788 p.
676 743 721 776 45
747 742 811 776 sub
837 751 929 776 nom.
956 740 997 775 T.
1024 739 1207 784 squarrosi
1231 739 1298 785 L.).
1320 760 1360 764 —
1377 743 1426 781 (ο).
1453 739 1564 785 Majo,
1589 738 1695 774 Junio
1714 739 1829 785 (n.v.).

215 800 307 836 Hab.
335 801 371 835 in
396 801 462 836 ins.
489 801 614 836 Canar.
641 805 677 836 et
701 811 791 835 zona
813 798 1076 834 mediterranea
1102 797 1206 833 omni.

216 859 396 896 Observ.
447 859 487 894 T.
514 869 805 904 squarrosum
830 858 872 893 L.
898 857 980 893 Cod.
1006 869 1040 891 n.
1067 858 1178 891 56601
1205 866 1248 891 ex
1273 856 1351 901 ipso
1376 855 1569 891 LLNNAEO
1594 855 1631 890 in
1655 855 1830 901 Hispania

169 907 378 951 proveniens
404 906 540 951 species
565 910 621 941 est
645 905 748 940 valde
773 905 891 940 dubia.
939 904 1144 948 Descriptio
1169 904 1385 948 incompleta
1409 904 1446 938 in
1472 903 1512 938 T.
1538 903 1829 938 Panormitanum

169 953 264 988 haud
279 953 372 989 male
390 953 551 997 quadrat,
577 952 639 988 sed
662 952 769 987 flores
795 962 814 986 e
840 951 1044 997 synonymis
1071 950 1191 986 citatis
1216 951 1387 995 purpurei
1412 962 1441 985 v.
1466 950 1632 984 rubentes
1657 950 1831 985 videntur.

170 1000 323 1036 Habitus
343 1001 451 1036 etiam
466 1000 606 1034 Trifolii
620 999 810 1045 pratensis,
834 1008 938 1043 quem
956 998 1171 1033 LINNAEUS
1185 997 1317 1042 speciei
1335 1007 1421 1032 suae
1438 997 1613 1040 attribuit,
1641 997 1682 1031 T.
1700 997 1831 1031 Pauor-

169 1048 303 1083 mitano
343 1047 400 1082 vix
435 1047 606 1083 convenit.
655 1046 892 1089 Quamobrem
924 1044 1097 1080 botanicis
1130 1044 1336 1088 Hispanicis
1370 1043 1652 1088 explorationem
1690 1043 1832 1085 ditionis
1873 1068 1879 1075 .

171 1094 337 1129 Alcarria
359 1094 435 1139 jam
460 1105 505 1129 ex
522 1093 724 1128 ORTEGAE
742 1099 900 1138 tempore
917 1103 1063 1137 prorsus
1082 1091 1266 1135 neglectae
1284 1090 1385 1125 valde
1400 1087 1739 1125 recommendamus.
1778 1090 1833 1124 Ad

170 1142 212 1176 T.
237 1141 527 1176 Panormitanum
553 1153 582 1176 v.
602 1141 642 1176 T.
662 1151 888 1184 squarrosum
912 1139 955 1173 L.
982 1138 1209 1174 referendum
1234 1138 1387 1173 fortasse
1413 1148 1550 1182 quoque
1577 1137 1618 1171 T.
1637 1137 1832 1181 oblongi·

170 1188 329 1223 folium
354 1188 445 1223 SER.
472 1189 542 1234 (ap.
568 1188 640 1224 DC.
665 1187 790 1222 Prodr.
816 1187 864 1230 Il,
890 1199 925 1232 p.
953 1185 1039 1230 197)
1063 1196 1107 1221 ex
1131 1185 1308 1230 Hispania
1333 1186 1439 1220 cuni‘?
1463 1184 1667 1220 indicatum.

218 1281 322 1315 3771.
373 1281 416 1314 ¹1¹.
442 1282 704 1315 maritimum
737 1278 862 1313 HUDS.
898 1277 954 1314 Fl.
993 1277 1099 1321 Angl.
1135 1289 1169 1322 p.
1196 1278 1284 1321 2843
1324 1276 1395 1311 GR.
1421 1275 1550 1312 GODR.
1577 1276 1601 1312 l.
1627 1286 1656 1311 Ο.
1683 1287 1716 1320 p.
1742 1276 1833 1310 408!

126 1328 251 1364 RCHB.
279 1327 327 1362 Ic.
354 1326 377 1362 l.
403 1338 431 1362 c.
457 1332 482 1362 t.
507 1328 564 1371 88,
591 1326 640 1362 Il!
677 1326 731 1371 (T.
755 1325 955 1369 irregulare
979 1324 1135 1359 POURR.
1162 1334 1227 1359 nec
1251 1324 1412 1366 PRESL.,
1437 1323 1478 1359 T.
1505 1323 1708 1368 clypeatum
1734 1322 1832 1356 LAP.

126 1375 220 1410 Hist.
246 1374 321 1409 abr.
347 1374 430 1420 Pyr.
456 1386 490 1419 p.
515 1375 602 1410 4361
628 1384 698 1408 non
723 1372 776 1418 L.,
803 1373 845 1407 T.
869 1372 1023 1416 rigidum
1049 1372 1148 1406 SAVI
1173 1371 1228 1406 Fl.
1254 1371 1326 1406 Pis.
1353 1376 1377 1405 t.
1404 1371 1431 1415 I,
1458 1372 1480 1404 f.
1510 1371 1554 1413 l).
1605 1369 1778 1403 Glabrum
1803 1382 1834 1405 v.

125 1432 232 1467 parce
262 1422 412 1466 hirtum,
447 1421 607 1457 caulibus
633 1421 762 1456 erectis
787 1432 818 1455 v.
845 1419 1153 1461 decumbentibus,
1185 1418 1398 1462 gracilibus,
1432 1417 1601 1456 ramosis,
1627 1417 1769 1451 4—12“
1794 1416 1834 1460 l.;

125 1469 222 1505 foliis
246 1469 472 1504 inferioribus
498 1468 612 1512 longe,
638 1468 881 1513 superioribus
906 1466 1061 1501 breviter
1085 1465 1281 1511 petiolatis,
1306 1464 1439 1499 foliolis
1464 1463 1577 1499 folior.
1602 1463 1757 1497 inferior.
1776 1464 1836 1497 ob-

126 1525 243 1552 ovato-
267 1528 297 1551 v.
316 1515 696 1559 obcordato-cuneatis,
720 1514 888 1558 reliquor.
915 1513 1242 1557 oblongo-cuneatis
1260 1511 1521 1555 lanceolatisve,
1546 1510 1704 1545 obsolete
1726 1510 1836 1545 denti-

127 1563 277 1607 culatis;
303 1563 445 1607 stipulis
470 1562 643 1606 angustis,
668 1567 770 1606 parte
795 1562 910 1595 libera
935 1560 1113 1595 herbacea
1131 1558 1476 1593 lineari-acuminata
1495 1558 1581 1592 satis
1594 1557 1715 1600 longa3
1742 1557 1836 1601 capi-

128 1610 210 1645 tulis
235 1609 359 1653 ovatis,
384 1609 538 1644 breviter
561 1608 810 1653 pedunculatis
836 1619 864 1642 v.
891 1607 1088 1649 sessilibus,
1113 1605 1261 1641 floribus
1280 1605 1381 1650 4¹⁰1„
1408 1604 1539 1649 calycis
1554 1605 1655 1640 fauce
1670 1614 1738 1638 non
1756 1615 1837 1638 con-

129 1657 245 1692 stricti
270 1655 333 1691 sed
357 1656 453 1690 intus
479 1656 579 1690 callis
606 1657 626 1689 2
653 1655 827 1700 oppositis
852 1654 964 1689 clausi
988 1653 1154 1688 dentibus
1179 1651 1621 1695 triangulari-acuminatis
1648 1651 1836 1695 trinerviis,

129 1705 268 1739 demum
292 1703 518 1748 patentibus,
552 1701 672 1738 infimo
708 1702 867 1746 longiore
902 1702 1022 1736 tubum
1054 1705 1247 1744 aequante,
1289 1698 1418 1734 ceteris
1444 1709 1484 1733 eo
1509 1698 1746 1742 brevioribusg
1782 1709 1838 1732 co-

129 1751 241 1787 rollae
275 1750 409 1795 pallide
442 1760 567 1785 roseae
599 1762 629 1784 v.
665 1749 769 1784 albae
802 1748 924 1793 calyce
950 1747 1057 1792 duplo
1083 1747 1252 1790 longioris
1277 1745 1405 1781 vexillo
1430 1745 1580 1788 oblongo
1606 1745 1837 1789 emarginato,

129 1798 226 1879 {tlylc}
247 1797 372 1880 Ιίῐέῗϊο,
395 1797 572 1888 ΙῨὲιὸιιῗῗίηθ
591 1796 730 1832 bivalvi.
756 1816 800 1820 —
825 1795 954 1831 Variat
980 1794 1143 1830 dentibus
1169 1793 1235 1829 cal.
1261 1793 1480 1837 acquilongis
1507 1792 1562 1838 (T.
1581 1792 1748 1827 Xatardii
1765 1792 1837 1827 DC.

179 1875 185 1880 .
225 1856 253 1879 r.
315 1873 322 1890 ,
348 1857 381 1890 p.
408 1854 428 1878 ο
485 1870 520 1879 ..

225 1903 266 1937 In
292 1903 379 1938 locis
408 1902 569 1938 arenosis
593 1900 749 1936 humidis
774 1900 930 1944 regionis
956 1899 1113 1934 inferior.
1140 1899 1240 1942 regni
1258 1897 1404 1933 Granat.
1431 1898 1500 1943 (pr.
1517 1897 1664 1941 Malaga
1688 1897 1733 1932 ad
1758 1896 1838 1932 fluv.

177 1949 437 1991 Guadalhorce,
464 1949 632 1984 Sei-rania
648 1948 691 1983 de
708 1947 834 1983 Ronda
859 1948 936 1983 loco
962 1947 1016 1982 las
1042 1946 1179 1981 alvinas
1205 1945 1502 1989 delalcornoque.
1526 1945 1672 1989 BOISS.)
1698 1950 1733 1980 et
1750 1945 1839 1979 Bae-

177 1999 269 2033 ticae
295 1997 387 2043 (Isla
412 2007 535 2041 mayor
559 1996 616 2031 del
641 1995 896 2039 Guadalquivir
920 2005 972 2039 pr.
999 1993 1140 2039 Sevilla,
1166 1993 1304 2037 BOUT.,
1329 2003 1358 2027 c.
1385 1993 1517 2028 Puerto
1543 1992 1585 2026 de
1611 1992 1684 2028 Sta.
1711 1992 1839 2035 Maria,

177 2044 349 2079 Chiclana
373 2049 408 2079 et
432 2044 519 2079 alibi
541 2044 578 2079 in
602 2054 699 2089 prov.
725 2042 854 2087 Gadit,
882 2041 1032 2085 CLEM.).
1062 2061 1103 2065 —-
1130 2045 1180 2082 Θ.
1206 2040 1315 2084 Majo,
1341 2039 1424 2075 «Jun.
1450 2041 1497 2084 (v.
1524 2040 1578 2083 s.).

223 2102 315 2138 Hah.
340 2103 377 2137 in
402 2102 563 2146 Madera,
588 2101 717 2147 Lusit.,
743 2100 837 2138 Gall.
864 2100 972 2136 occid.
999 2100 1162 2142 omnique
1187 2109 1276 2133 zona
1300 2097 1571 2133 mediterranea.

225 2149 406 2185 Observ.
456 2149 497 2184 T.
524 2149 730 2195 supinum
757 2148 856 2182 SAVI
892 2158 915 2182 a
947 2147 990 2182 cl.
1018 2146 1232 2182 COLMEIRO
1265 2145 1302 2179 in
1331 2145 1541 2180 Catalaunia
1574 2143 1730 2178 indicata
1767 2142 1839 2178 illic

178 2197 374 2232 recentiore
406 2202 565 2241 tempore
589 2207 659 2231 non
683 2200 866 2240 repertum
890 2199 926 2229 et
953 2194 1028 2229 sine
1053 2193 1159 2228 dubio
1183 2204 1262 2228 cum
1287 2192 1370 2227 lana
1395 2204 1425 2227 v.
1451 2191 1570 2235 granis
1596 2201 1639 2225 ex
1658 2190 1762 2224 Italia
1780 2195 1840 2224 aut

180 2243 324 2325 {niente
349 2243 597 2279 indroductum
621 2242 698 2288 fuit,
723 2242 759 2277 id
784 2241 876 2288 quod
900 2241 1009 2277 etiam
1034 2240 1071 2276 in
1096 2251 1182 2284 agro
1200 2239 1458 2284 Monspeliensi
1484 2238 1497 2283 (
1501 2250 1553 2284 pr.
1573 2238 1659 2273 Port
1676 2237 1839 2281 Juvenal)

195 2296 312 2327 actum
337 2296 403 2326 est.

186 2393 344 2429 Subsect.
371 2392 428 2427 II.
462 2390 781 2438 Layopodium
804 2390 930 2426 ROHB.
956 2389 1012 2425 Fl.
1039 2399 1113 2425 exc.
1140 2401 1174 2435 p.
1200 2389 1285 2425 493!
1335 2388 1407 2424 GR.
1433 2388 1562 2423 GODR.
1590 2387 1612 2422 l.
1639 2398 1667 2422 c.
1694 2399 1728 2431 p.
1754 2387 1839 2420 4091

344 2439 510 2484 Capitula
546 2439 664 2474 omnia
704 2438 891 2484 conspicue
930 2437 1107 2472 axillaria.
1164 2436 1277 2481 Calyx
1319 2436 1529 2471 10—nervius.
1578 2434 1698 2479 Stylus
1738 2432 1840 2466 liber.

343 2485 527 2568 Ifliegumen
561 2486 808 2530 irregulariter
840 2484 1039 2522 dehiscens.
1065 2504 1109 2510 -—
1135 2483 1280 2529 Species
1317 2493 1474 2527 annuae,
1512 2481 1686 2528 plurimae
1724 2478 1841 2524 parvi-

374 2543 467 2569 orae.

193 2613 217 2657 †
242 2613 409 2660 Capitula
434 2613 551 2649 omnia
574 2613 774 2660 conspicue,
800 2623 908 2659 saepe
933 2611 1152 2657 longiuscule
1177 2609 1427 2657 pedunculata,
1453 2618 1593 2653 semper
1617 2605 1790 2643 solitaria.

231 2697 334 2731 3772.
385 2698 429 2731 Τ.
455 2698 721 2738 Ligusticum
754 2696 879 2730 BALB.
916 2696 990 2732 Att.
1027 2694 1127 2730 acad.
1153 2694 1229 2730 ital.
1256 2693 1292 2736 Ι,
1327 2705 1361 2738 p.
1390 2693 1472 2736 1923
1511 2690 1581 2724 GR.
1607 2688 1737 2723 GODR.
1763 2688 1786 2722 l.
1811 2698 1840 2722 c.

137 2753 171 2787 p.
196 2744 283 2779 409!
334 2742 458 2779 ROHB.
486 2744 533 2779 Ic.
557 2743 580 2778 1.
607 2754 635 2778 c.
661 2750 687 2779 t.
714 2744 791 2788 102,
818 2743 850 2778 I!
877 2742 932 2788 (T.
958 2743 1207 2778 arrectisetum
1232 2741 1357 2775 BROT.
1384 2739 1488 2783 Phyt.
1514 2736 1629 2771 Lusit.
1656 2737 1682 2778 I,
1707 2747 1742 2780 p.
1763 2736 1841 2779 152,

138 2794 163 2823 t.
189 2790 276 2835 631).
324 2791 438 2826 Parce
462 2790 654 2836 hispidum,
679 2790 801 2835 viride,
827 2789 989 2825 caulibus
1015 2788 1313 2825 adscendentibus
1339 2785 1529 2828 diffusisve,
1555 2782 1760 2826 gracilibus,
1786 2792 1842 2816 ra-

140 2837 267 2882 mosis,
306 2838 557 2883 11s2—15¹¹1.;
595 2837 691 2872 foliis
729 2837 884 2872 tenuiter
920 2836 1116 2881 petiolatis,
1151 2834 1283 2869 foliolis
1309 2832 1484 2872 obovatis,
1523 2840 1630 2875 saepe
1654 2829 1785 2864 retusis
1811 2840 1841 2864 v.

141 2884 381 2931 emarginatis,
407 2884 567 2921 obsolete
593 2884 835 2929 denticulatis;
864 2883 1004 2929 stipulis
1030 2880 1321 2923 membranaceis,
1346 2883 1448 2924 parte
1466 2877 1580 2911 libera
1597 2877 1751 2912 breviter
1767 2876 1841 2910 lan-

141 2929 463 2979 ceolato-setaceis3
488 2931 831 2989 capitulisbovoideis
855 2930 1081 2975 oblongisve,
1107 2928 1248 2973 saepius
1273 2925 1440 2971 geminis,
1466 2924 1580 2961 altero
1604 2922 1843 2970 pedunculato

177 2994 265 3019 Flora
284 2995 443 3029 hispanica.
481 2998 540 3023 111.
1521 2983 1567 3018 24
