1976 3314
918 166 919 169 ¹
965 141 1062 188 800

214 262 326 297 Catal.
352 263 395 306 (c.
421 263 524 298 Prats
549 262 591 297 de
609 262 696 308 Rey,
721 263 870 307 PUIGG.,
897 263 931 296 in
957 262 1085 296 ditione
1102 260 1265 306 Segarra,
1293 260 1434 305 CSTA.),
1461 263 1616 305 Aragon.
1648 262 1696 307 (in
1722 261 1853 297 ditione

214 308 339 343 Tierra
363 310 445 354 baja
469 310 589 353 frequ.,
615 321 644 344 v.
670 321 700 344 c.
727 321 778 354 pr.
806 309 964 351 Alcafiiz,
991 307 1242 351 Castellseras,
1268 306 1463 350 Calaceite,
1489 308 1624 343 LOSC.!
1664 319 1691 343 c.
1718 309 1854 344 Castel-

214 356 284 391 lote
309 361 344 391 et
368 356 402 390 la
427 356 612 399 Palomita,
636 356 753 391 LOSC.
778 356 954 398 PARDO)‚
980 361 1128 397 utraque
1154 353 1248 389 Cast.
1276 356 1317 398 (c.
1344 354 1567 393 Valladolid,
1592 354 1712 389 LGE.!
1754 356 1856 398 Sego-

214 403 292 444 via,
317 403 494 446 POURR.,
519 402 572 436 La
597 402 731 447 Granja
755 408 789 437 et
814 402 1012 445 Aranjuez,
1051 400 1196 443 COLM.,
1220 401 1256 434 in
1281 410 1366 443 agro
1391 401 1536 438 Madrit.
1563 401 1716 442 abund,
1752 402 1858 442 CAV.,

215 449 333 492 Dua,
359 449 529 483 Bonna!
555 448 663 493 Cur,
690 461 742 494 pr.
767 448 1068 491 Villamanrique,
1096 446 1219 491 Cum),
1262 457 1369 490 regno
1394 448 1506 483 Mure.
1530 452 1576 493 (c.
1603 448 1800 492 cartagena
1825 454 1859 483 et

215 495 339 536 Lorca,
364 494 524 540 GUIR.!),
550 495 666 530 Jienn.
693 496 835 540 (Puerto
862 494 903 528 de
928 494 963 528 la
989 494 1215 537 Inquisicion,
1241 493 1393 538 LGE.!),
1419 494 1562 531 Granat.
1588 495 1638 539 (in
1663 505 1746 537 agro
1772 494 1858 529 Gra-

216 546 297 585 nat.,
322 541 464 584 RAMB.,
490 553 543 586 pr.
563 542 703 582 Viznar‚
728 541 837 581 Len,
864 542 898 574 in
924 539 1014 575 valle
1039 539 1119 575 fluv.
1138 539 1245 584 Jenil,
1273 540 1449 576 WINKL.!
1476 553 1528 586 pr.
1555 542 1659 581 Baza.
1684 542 1858 577 Bonna!

216 587 361 630 Ronda,
398 588 433 622 in
458 599 588 624 cacum.
614 594 719 623 mont.
746 589 864 623 Sierra
888 588 930 622 (19
958 587 1067 631 Mijas
1094 587 1138 623 ad
1163 587 1224 622 alt.
1250 588 1363 628 3000‘,
1401 588 1515 633 BSS.).
1554 609 1595 613 -
1622 589 1657 629 c?
1687 597 1723 628 21.
1752 588 1858 632 Majo,

215 634 318 668 ι1111110
344 635 387 678 (v.
414 635 468 678 3.).

261 716 362 749 4698.
412 717 452 749 S.
489 717 729 749 laxiflorum
754 714 838 748 BSS.
865 713 921 748 El.
947 724 979 747 n.
1007 715 1051 749 10
1077 717 1111 748 et
1138 712 1227 758 Voy.
1254 713 1325 748 bot.
1363 723 1395 757 p.
1423 714 1485 755 29,
1528 718 1553 748 t.
1579 715 1616 749 6!
1666 714 1758 750 AMO
1784 715 1806 749 1.
1833 726 1862 750 c.

169 774 202 806 p.
229 763 311 796 5241
361 761 450 795 WK.
476 762 522 806 pl.
549 761 647 806 Hisp.
675 771 747 796 exs.
776 762 874 804 1845,
901 771 933 794 n.
963 761 1063 804 1030,
1087 760 1246 795 BOURG.
1270 760 1319 804 pl.
1344 770 1419 795 exs.
1446 771 1477 794 n.
1506 761 1606 804 1060,
1632 764 1675 796 a!
1715 761 1862 796 Glaber-

167 809 303 851 rimum,
328 808 420 842 laete
445 808 570 846 virens,
595 808 752 842 caulibus
779 808 905 842 erectis
932 817 1082 851 superne
1108 808 1258 842 ramosis
1284 807 1467 851 teretibus,
1498 809 1596 841 1—4¹
1612 807 1645 852 1.‚
1672 808 1862 852 subaphyl-

169 855 228 899 lis:
263 854 356 889 foliis
380 855 594 889 basilaribus
619 854 787 889 rosulatis
813 854 954 898 teneris,
979 853 1108 888 infimis
1134 852 1299 888 obovatis
1324 854 1483 898 integris,
1511 854 1639 889 ceteris
1664 855 1864 890 runcinato-

165 900 381 946 pinnatifidis
407 914 437 936 v.
462 901 741 946 pinnatipartitis
768 901 871 945 (lobis
895 900 1171 944 triangularibus
1198 900 1313 935 acutis
1340 900 1531 946 dentatis),
1558 900 1717 936 omnibus
1743 901 1779 935 in
1803 912 1862 946 pe-

165 948 287 982 tiolum
312 949 504 984 attenuatis
531 953 565 982 et
589 958 692 982 nervo
718 947 833 982 medio
857 958 976 982 crasso
1002 947 1119 982 albido
1144 947 1306 991 munitis,
1347 947 1495 982 caulinis
1533 948 1673 993 paucis,
1717 949 1861 983 summis

165 994 316 1029 minimis
341 995 397 1029 vix
421 995 589 1038 dentatis;
630 995 782 1029 racemis
803 995 879 1038 J'am
905 993 1072 1029 floriferis
1098 993 1284 1038 elongatis,
1311 994 1516 1037 gracilibus,
1541 994 1734 1039 fructiferis
1761 995 1864 1029 valde

168 1041 340 1084 elongatis
365 1042 484 1086 (saepe
510 1043 542 1075 2‘
567 1041 620 1085 l.),
654 1040 799 1076 floribus
831 1042 991 1084 remotis,
1030 1041 1149 1085 calyce
1187 1040 1305 1076 clauso
1332 1040 1434 1085 2¹l2⁸¹
1461 1041 1502 1084 l.,
1542 1042 1671 1086 petalis
1697 1041 1865 1085 oblongo-

169 1088 326 1123 cuneatis
350 1098 391 1122 eo
416 1088 521 1132 duplo
545 1087 774 1131 longioribus,
800 1087 932 1132 pallide
957 1088 1078 1131 luteis3
1117 1087 1254 1132 siliquis
1280 1088 1418 1128 erectis,
1447 1088 1605 1132 11,f2—2¹‘
1631 1088 1675 1131 l.,
1702 1088 1807 1123 rectis
1833 1100 1866 1122 v.

170 1135 411 1177 subarcuatis,
437 1135 528 1179 stylo
552 1135 756 1169 abbreviato
782 1140 941 1169 truncato
969 1135 1183 1179 terminatis,
1208 1134 1323 1169 nervis
1347 1134 1527 1169 valvarum
1545 1133 1644 1169 valde
1662 1134 1860 1179 prominen-

170 1182 275 1225 tibus,
301 1181 493 1216 seminibus
519 1181 678 1224 oblongis
704 1182 882 1217 testaceis.

262 1239 303 1272 In
327 1239 415 1273 locis
440 1239 612 1274 umbrosis
638 1239 710 1274 solo
733 1239 853 1283 pingui
878 1239 987 1283 (inter
1013 1238 1164 1282 dumeta,
1190 1239 1226 1272 in
1251 1239 1390 1283 rupium
1414 1237 1567 1281 fissuris)
1592 1238 1745 1281 regionis
1770 1248 1869 1272 mon-

217 1289 287 1319 tan.
315 1292 349 1320 et
374 1286 481 1330 alpin.
507 1286 604 1328 regni
629 1285 861 1320 Granatensis
888 1285 931 1320 ad
956 1285 1017 1319 alt.
1045 1287 1216 1319 3—6000¹
1244 1286 1378 1327 (Sierra
1403 1285 1445 1319 de
1471 1285 1590 1329 Mijas,
1616 1285 1713 1328 BSS.,
1739 1284 1776 1319 S.
1803 1285 1868 1319 Te-

212 1331 307 1375 jeda,
334 1332 428 1366 circa
453 1333 504 1366 los
521 1332 801 1376 Ventisquieros,
826 1332 931 1367 BSS.!
958 1332 1058 1374 WK.,
1084 1331 1118 1366 S.
1136 1331 1282 1366 Nevada
1307 1332 1341 1365 in
1367 1332 1458 1365 valle
1477 1331 1656 1367 Barranco
1682 1331 1725 1366 de
1743 1331 1866 1366 Benal-

215 1388 310 1421 caza,
335 1378 432 1417 BSS..
445 1379 481 1412 in
497 1379 558 1413 lat.
575 1378 700 1413 orient.
718 1389 848 1413 cacum.
868 1379 1023 1423 Dornajo
1040 1378 1165 1423 frequ.,
1192 1377 1290 1418 WK.‚
1318 1390 1371 1423 pr.
1387 1377 1420 1412 S.
1439 1377 1642 1422 Geronimo,
1664 1378 1871 1423 BOURG.!).

217 1444 257 1449 —-
287 1425 334 1466 07¹.
360 1425 454 1466 Jun.,
481 1424 553 1459 Jul.
581 1426 623 1469 (v.
647 1426 707 1469 v.).

262 1518 365 1552 4699.
416 1519 455 1552 S.
480 1518 759 1551 Arundanum
783 1516 868 1550 Bss.
896 1515 984 1560 Voy.
1010 1527 1043 1559 p.
1065 1516 1119 1560 30,
1146 1520 1171 1550 t.
1197 1516 1228 1559 6,
1247 1516 1293 1550 A!
1322 1517 1415 1550 AMO
1441 1516 1463 1550 l.
1490 1526 1518 1550 c.
1544 1527 1576 1560 p⁷
1597 1516 1683 1550 525!
1708 1514 1863 1550 BOURG.

170 1564 216 1609 pl.
241 1564 341 1608 Hisp.
366 1574 439 1599 exs.
466 1575 498 1598 n.
528 1564 615 1597 1062
642 1569 676 1598 et
706 1563 806 1607 1562,
833 1564 872 1597 b!
923 1561 1052 1596 Differt
1078 1572 1099 1595 a
1124 1562 1298 1606 praeced,
1323 1562 1379 1596 cui
1404 1563 1440 1596 in
1466 1567 1561 1597 statu
1586 1561 1741 1597 florifero
1767 1561 1866 1596 valde

171 1611 304 1655 similis,
328 1611 522 1645 rbizomate
547 1615 783 1654 perennante,
810 1608 967 1643 caulibus
993 1618 1014 1642 a
1038 1608 1116 1643 basi
1140 1608 1307 1645 ramosis,
1332 1607 1477 1643 floribus
1503 1608 1697 1652 majoribus
1722 1608 1865 1643 densius

167 1658 376 1692 racsemosis
400 1664 436 1692 et
458 1657 648 1702 praecipue
671 1656 809 1700 siliquis
833 1655 1047 1700 patentibus,
1072 1654 1314 1699 subsecundis,
1340 1655 1507 1700 arcuatis,
1532 1655 1646 1689 2—3¹‘
1664 1655 1697 1698 1.,
1721 1655 1868 1699 juniori-

169 1705 234 1738 bus
260 1705 358 1749 apice
383 1704 483 1738 valde
506 1704 723 1747 incrassatis,
751 1703 844 1747 stylo
870 1702 976 1742 nullo,
1003 1702 1166 1745 stigmate
1193 1702 1309 1737 sessili
1327 1708 1502 1737 truncato.
1522 1721 1563 1726 —
1581 1701 1751 1736 Rhizoma
1768 1711 1861 1736 cras-

172 1762 265 1796 sum,
303 1751 421 1786 caules
445 1750 564 1795 plures
590 1756 725 1784 erectos
752 1750 937 1793 robustos,
973 1750 1073 1782 1-3‘
1098 1749 1121 1782 l.
1159 1748 1276 1783 edens.
1325 1749 1450 1784 Flores
1488 1748 1657 1783 basilaria
1694 1748 1863 1793 rosulata,

169 1808 307 1841 magna,
333 1807 439 1842 saepe
458 1796 699 1841 semipedalia,
724 1795 1206 1839 runcinato-pinnatipartita,
1232 1794 1374 1830 caulina
1390 1806 1504 1840 pauca
1522 1795 1671 1830 circuitu
1687 1795 1868 1838 elongato-

171 1843 421 1887 triangularia,
458 1850 560 1888 parte
584 1843 749 1877 inferiore
773 1843 810 1876 in
834 1842 981 1877 lacinias
1008 1843 1097 1875 2-3
1116 1842 1238 1884 longas
1265 1841 1474 1877 divaricatas
1501 1847 1671 1885 angustas
1696 1841 1867 1886 profunde

171 1891 293 1935 divisa,
319 1896 418 1935 parte
444 1891 625 1935 superiore
651 1889 804 1924 dentata.
839 1888 985 1922 Raccmi
1009 1887 1157 1922 floriferi
1185 1888 1407 1932 subsecundi,
1434 1887 1580 1923 floribus
1599 1889 1732 1932 magnis
1750 1888 1867 1932 luteis,

171 1938 366 1982 petalorum
393 1937 498 1971 limbo
524 1942 635 1971 ovato.
670 1935 825 1979 Siliquae
852 1940 953 1970 acute
967 1944 1144 1974 nervosae,
1171 1934 1347 1979 pedicello
1364 1945 1482 1970 crasso
1500 1935 1660 1980 sextuplo
1678 1935 1865 1978 longiores.

172 1985 264 2019 Tota
288 1984 411 2029 planta
437 1983 659 2027 glaberrima.

265 2042 306 2076 In
331 2041 572 2086 rupestribus,
604 2040 730 2084 cultis,
768 2039 812 2073 ad
837 2049 955 2073 muros
980 2039 1131 2082 regionis
1157 2042 1310 2073 montan.
1337 2043 1372 2073 ct
1398 2038 1570 2083 subalpin.
1597 2039 1696 2081 regni
1721 2038 1866 2073 Granat.

219 2089 268 2132 (in
292 2089 378 2122 urbe
395 2087 520 2123 Ronda
548 2087 613 2121 »ad
637 2097 755 2121 muros
779 2096 902 2120 versus
919 2090 1066 2130 portam,
1085 2095 1153 2130 qua
1178 2085 1223 2119 ad
1237 2085 1399 2129 Igualeja
1424 2086 1530 2127 itur«,
1556 2085 1663 2120 BSS.!
1690 2084 1807 2119 Sierra
1824 2085 1866 2119 de

219 2135 352 2169 Jarana
376 2145 427 2179 pr.
452 2134 666 2178 Granatam,
704 2134 796 2167 inter
831 2139 969 2175 segetes
1007 2132 1129 2166 lateris
1155 2132 1299 2167 austral.
1327 2132 1372 2166 ad
1397 2132 1459 2166 alt.
1487 2133 1740 2176 3500—4000¹,
1767 2131 1867 2177 ΨΚ,

219 2181 336 2216 Sierra
361 2181 403 2216 de
428 2181 481 2216 las
506 2181 634 2215 Nieves
660 2184 695 2214 et
716 2180 752 2213 in
777 2184 894 2214 monte
920 2178 1026 2213 Cerro
1052 2178 1093 2212 de
1118 2178 1286 2214 Javalcon
1310 2191 1362 2224 pr.
1388 2179 1493 2221 Baza,
1517 2178 1674 2213 BOURG.
1690 2179 1712 2223 1)
1739 2184 1774 2213 et
1798 2178 1868 2214 Va-

217 2228 301 2263 lent.
327 2228 438 2273 (Pessa
463 2227 504 2262 de
530 2226 563 2263 S.
589 2227 741 2262 Antonio
765 2237 818 2271 pr.
843 2225 968 2268 Alcoy,
994 2225 1148 2259 BOURG.
1162 2227 1196 2270 1).
1224 2246 1267 2250 -—
1295 2233 1329 2265 21.
1355 2226 1454 2270 Majo
1479 2227 1522 2270 (v.
1548 2226 1605 2269 v.).

173 2343 221 2385 ††
261 2342 484 2377 Pedicelli
511 2343 787 2386 siliquarum
812 2341 949 2385 recti,
987 2341 1172 2385 breves,
1207 2342 1368 2377 crassi.
1418 2342 1625 2385 Siliquae
1649 2345 1866 2386 patentes

932 2393 1099 2423 rectae.

262 2471 364 2504 4700.
414 2472 451 2504 S.
478 2471 706 2504 Columnae
730 2469 847 2508 JCQU.
872 2468 926 2503 Fl.
953 2469 1076 2504 Austr.
1103 2474 1126 2503 t.
1153 2471 1243 2513 323,
1281 2469 1352 2504 DC.
1379 2469 1471 2515 Syst.
1497 2469 1542 2509 ΙΙ,
1570 2481 1603 2513 p.
1630 2469 1716 2503 4691
1765 2467 1859 2502 CAV.

172 2517 286 2553 Prael.
312 2528 344 2551 n.
371 2517 454 2551 975!
504 2515 574 2551 GR.
610 2515 738 2551 GonR.
773 2516 794 2550 l.
832 2527 860 2550 c.
898 2527 933 2560 p.
960 2516 1022 2550 94!
1073 2515 1197 2550 Rene.
1235 2515 1283 2550 Ic.
1323 2517 1346 2551 1.
1384 2528 1412 2551 c.
1451 2516 1472 2550 f.
1500 2517 1613 2550 4407!
1663 2516 1756 2549 AMo
1783 2515 1804 2548 1.
1831 2525 1859 2548 c.

172 2576 204 2607 p.
233 2565 317 2599 523!
366 2563 521 2598 BOURG.
559 2563 608 2608 pl.
644 2573 716 2597 exs.
751 2573 783 2597 n.
810 2563 893 2596 5461
931 2561 982 2606 (S.
1011 2562 1165 2597 Loeselii
1191 2562 1358 2599 THUILL.
1385 2563 1439 2597 Fl.
1466 2563 1580 2598 Paris.
1607 2568 1641 2597 et
1666 2562 1780 2596 VILL.
1806 2560 1860 2595 Fl.

173 2609 299 2654 Delph.
324 2621 392 2644 non
415 2610 480 2644 L.!
506 2609 771 2655 Pachypodium
795 2608 983 2644 Columnae
1009 2607 1121 2642 WBB.
1147 2609 1189 2643 It.
1216 2609 1315 2654 Hisp.
1343 2622 1376 2655 p.
1404 2610 1491 2653 752).
1541 2610 1760 2652 Pubescens,
1801 2608 1859 2642 ob-

172 2667 270 2691 scure
295 2657 420 2701 virens,
445 2656 620 2691 interdum
645 2666 846 2700 canescens,
871 2656 971 2690 caule
997 2660 1112 2690 erecto
1138 2656 1262 2696 tereti,
1289 2666 1396 2701 saepe
1421 2667 1442 2691 a
1467 2656 1546 2691 basi
1570 2665 1716 2699 ramoso,
1743 2654 1863 2689 stricto

172 2714 202 2735 v.
226 2702 394 2744 flexuoso,
421 2703 544 2748 ²s2—3‘
568 2703 610 2745 l.;
648 2703 744 2738 foliis
771 2703 931 2737 omnibus
955 2702 1144 2746 petiolatis,
1170 2702 1393 2738 inferioribus
1418 2703 1616 2738 runcinato-
1643 2706 1704 2736 aut
1729 2700 1860 2745 lyrato-

175 2749 390 2792 pinnatifidis
415 2762 444 2784 v.
470 2750 750 2794 pinnatipartitis
777 2749 884 2794 (lobis
903 2748 1211 2784 sinuato-dentatis
1238 2750 1545 2794 integerrimisve),
1571 2747 1694 2782 mediis
1711 2747 1866 2792 pinnati-

177 2796 313 2837 partitis
338 2796 431 2837 (lobo
457 2797 629 2831 terminali
654 2797 828 2841 hastato),
867 2796 1108 2841 superioribus
1134 2796 1513 2840 oblongo-linearibus,
1551 2794 1864 2838 subintegerrimis3

176 2839 320 2876 fioribus
344 2843 587 2887 mediocribus,
614 2843 746 2888 sepalis
771 2843 908 2886 erectis,
933 2843 1061 2887 petalis
1079 2842 1199 2887 calyce
1217 2843 1322 2887 duplo
1341 2842 1568 2887 longioribus,
1595 2841 1763 2885 obovatis,
1790 2840 1864 2885 pal-

175 2886 243 2919 lide
267 2887 383 2932 fiavis,
408 2900 546 2924 racemo
570 2890 753 2925 fructifero
777 2889 878 2924 valde
903 2889 1076 2932 elongato,
1101 2889 1293 2933 laxissimo,
1319 2890 1454 2934 siliquis
1479 2888 1623 2929 dissitis,
1649 2898 1726 2922 cum
1768 2887 1864 2932 pedi-

175 2932 262 2966 cello
286 2933 382 2967 brevi
405 2937 658 2979 patentissimis
682 2949 712 2971 v.
739 2936 963 2980 divaricatis,
999 2935 1219 2980 cylindricis,
1252 2936 1402 2981 strictis,
1427 2934 1589 2979 2¹s2—4“
1615 2934 1658 2974 l.,
1696 2934 1859 2977 stigmate

177 2978 291 3013 sessili
313 2984 481 3024 truncato,
508 2984 699 3018 seminibus
723 2984 841 3027 parvis
866 2983 974 3018 fuscis
991 2982 1158 3017 laevibus.
1187 3002 1228 3007 —
1255 2983 1393 3028 Species
1410 2981 1510 3017 valde
1528 2981 1773 3026 polymorpha,
1799 2980 1860 3015 sed

176 3025 363 3060 varietates
389 3033 504 3062 certae
530 3029 623 3064 haud
649 3029 934 3074 distinguendae!
983 3029 1108 3065 Variat
1146 3035 1283 3065 statura
1319 3029 1451 3064 minore
1490 3034 1525 3063 et
1564 3028 1719 3073 majore,
1762 3027 1862 3061 caule
