1976 3314
969 133 1064 177 194

304 264 339 286 a.
373 251 626 298 silvestris,
651 252 760 287 ramis
786 262 894 296 saepe
922 252 1215 296 spinescentibus,
1240 253 1387 296 gemmis
1411 253 1628 298 ramulisque
1653 254 1805 298 glabris,

304 310 341 351 β.
373 309 624 354 hortensis,
649 310 923 354 ramis-semper
947 309 1151 354 inermibus,
1176 312 1322 354 gemmis
1347 311 1562 356 ramulisque
1587 312 1805 347 tomentosis.

258 378 293 401 a.
317 366 356 400 in
378 368 579 402 nemoribus
605 367 757 410 regionis
782 373 935 402 montan.
961 377 1025 411 per
1048 378 1184 402 omnem
1209 368 1284 403 fere
1301 369 1511 414 Hispaniam
1530 370 1613 405 hinc
1637 369 1717 404 inde
1743 370 1865 411 (etiam

210 413 246 447 in
268 419 371 458 parte
395 414 547 449 maxime
573 414 731 456 australi,
757 426 787 450 v.
813 425 841 448 c.
867 414 902 447 in
928 414 1072 449 montib.
1098 427 1150 459 pr.
1177 415 1375 459 Algeciras,
1401 416 1526 461 WK.),
1551 419 1589 460 β.
1615 417 1744 460 ubique
1770 417 1866 451 culta.

210 459 260 504 (in
276 459 378 505 Hisp.
404 461 554 496 australi
578 472 645 495 non
672 460 738 495 nisi
763 460 799 493 in
823 470 894 503 reg.
913 462 1103 505 montana).
1126 481 1162 486 -—
1192 462 1237 505 ὴ.
1257 462 1344 507 Apr.
1363 462 1460 506 Majo
1484 464 1530 508 (v.
1548 463 1605 507 v.).
1647 464 1861 497 »Manzano«

211 505 317 553 Cast,
346 506 546 542 »Maceira«
573 506 720 551 Gallec.,
750 507 908 550 »Pomes,
934 508 1105 542 Pomera«
1134 508 1245 543 Catal.

257 564 483 646 Herbi-stirps
509 565 603 600 culta
630 566 664 599 in
690 565 783 600 omni
809 564 965 610 Europa,
991 576 1067 600 exc.
1093 565 1271 611 Lappon.,
1298 567 1471 601 silvestris
1497 567 1532 600 in
1558 566 1690 612 Europ.
1716 566 1805 602 med.
1832 572 1867 601 et

213 617 337 647 austra
353 623 375 647 1.

256 681 274 715 ‘1’
291 681 393 714 3375.
432 682 478 714 P.
503 682 654 714 acerba
680 680 750 713 DC.
774 679 896 714 Prodr.
922 679 945 714 l.
965 691 1006 723 c„
1033 680 1102 715 GR.
1122 680 1251 715 GODR.
1277 682 1299 715 l.
1319 692 1346 715 c.
1372 693 1404 725 p.
1425 682 1511 715 572!
1538 680 1630 715 CUT.
1648 681 1701 714 Fl.
1721 679 1866 714 Madrit.

165 738 200 771 p.
226 728 314 762 287!
359 726 496 772 (Malus
521 728 651 761 acerba
676 725 784 761 MER.
812 727 866 762 Fl.
893 727 984 770 par.)
1033 727 1161 762 Differt
1187 738 1208 762 a
1233 738 1350 772 praec.
1384 727 1593 772 pedunculis
1618 728 1866 771 calycibusque

165 773 298 817 glabris
323 785 354 808 v.
379 774 671 818 pubescentibus,
704 773 833 818 petalis
858 773 1068 818 minoribus,
1094 774 1187 809 foliis
1213 774 1344 809 adultis
1370 774 1508 809 omnino
1535 774 1687 817 glabris,
1720 773 1866 817 gemmis

164 820 436 865 pubescentibus
461 830 524 854 nec
549 820 767 864 tomentosis,
792 819 910 854 radice
929 820 1159 865 subsimplici.
1197 821 1229 854 A
1248 820 1410 866 praeced.
1429 821 1487 855 vix
1505 820 1670 865 specifice
1688 820 1864 854 distincta.

258 877 300 911 In
324 877 525 912 nemoribus
548 878 702 922 provinc.
722 877 866 913 Madrit.
892 879 960 923 (pr.
979 877 1010 912 el
1030 878 1204 922 Escorial,
1230 879 1266 913 la
1281 878 1462 923 Herreria,
1489 879 1607 922 CUT.).
1629 897 1668 902 —
1698 878 1741 921 ὴ.
1766 877 1866 920 Majo

212 923 259 967 (n.
284 923 342 968 v.).

258 980 350 1016 Hab.
377 981 413 1016 in
437 980 567 1016 Gallia.

281 1063 511 1103 DCCLVlll.
562 1063 754 1104 SORBUS
788 1064 829 1103 L.
853 1065 951 1104 Gen.
983 1065 1032 1117 pl.
1084 1065 1182 1118 Styli
1207 1063 1332 1115 2—5,
1363 1066 1599 1117 saepissime
1625 1063 1660 1104 3.
1706 1065 1864 1104 Pomum

165 1133 344 1174 parvum,
375 1123 613 1174 saepissime
646 1122 914 1173 bacciforme,
949 1123 1125 1174 capsulis
1158 1128 1215 1162 tot
1248 1135 1362 1174 quam
1397 1123 1511 1176 styli,
1551 1122 1863 1173 i——2—spermis,

165 1179 290 1220 valvis
329 1180 568 1232 papyraceis
611 1179 1059 1232 mustaceo—fragilibus
1100 1193 1174 1219 nec
1206 1180 1495 1234 cartilagineis
1531 1204 1581 1209 —-
1616 1180 1797 1219 Arbores
1831 1192 1863 1219 v,

167 1237 335 1277 frutices
367 1238 558 1288 inermes,
589 1237 694 1276 foliis
729 1238 976 1289 simplicibus
1010 1243 1076 1277 aut
1098 1239 1343 1290 compositis,
1376 1238 1540 1278 floribus
1575 1238 1706 1290 parvis
1731 1250 1864 1276 mune—

166 1296 274 1335 rosis
308 1296 346 1334 in
380 1307 517 1348 cymas
550 1295 782 1334 terminales
816 1297 1059 1347 compositas
1093 1295 1429 1349 corymbiformes
1462 1296 1681 1347 dispositis.
1735 1296 1865 1334 Petala

165 1352 276 1403 alba,
318 1353 527 1393 rarissime
561 1365 692 1393 rosea.
726 1376 778 1381 —-
813 1353 948 1392 Genus
990 1353 1120 1393 habitu
1163 1355 1295 1405 potius
1329 1366 1444 1405 quam
1488 1354 1596 1393 floris
1630 1353 1864 1403 fructusque

168 1414 371 1450 structura
404 1423 426 1450 a
457 1411 643 1462 praeced.
676 1411 892 1450 diversum.

288 1512 313 1554 †
345 1511 479 1547 Folia
513 1512 595 1556 imp
607 1512 871 1556 aripinnata
902 1513 1001 1557 (Pyri
1027 1518 1111 1548 sect.
1139 1512 1201 1547 VI.
1231 1513 1362 1547 Sorbus
1388 1512 1458 1546 DC.
1486 1512 1608 1546 Prodr.
1630 1494 1657 1545 1.
1684 1513 1739 1555 c.).

257 1594 360 1627 3376.
410 1595 448 1627 S.
476 1594 711 1627 domestica
735 1592 775 1626 L.
803 1592 887 1627 Cod.
913 1604 946 1626 n.
974 1594 1083 1628 3651!
1120 1593 1190 1627 DC.
1217 1593 1272 1629 Fl.
1298 1593 1341 1627 fr.
1369 1593 1430 1635 IV,
1457 1606 1488 1637 p.
1515 1595 1601 1627 436!
1635 1592 1706 1626 GR.
1734 1592 1864 1626 GODR.

164 1639 187 1674 1.
213 1651 242 1675 c.
268 1652 302 1684 p.
329 1641 416 1674 572!
442 1639 589 1678 JACQU.
615 1639 671 1674 Fi.
690 1640 812 1674 Austr.
832 1640 875 1681 V,
902 1645 924 1674 t.
951 1642 1020 1673 447
1048 1640 1177 1684 (Pyrus
1202 1640 1396 1674 domestica
1421 1639 1487 1674 SM.
1514 1639 1618 1682 Engl.
1640 1640 1710 1673 bot.
1737 1646 1760 1673 t.
1789 1640 1866 1681 350,

162 1686 202 1721 P.
228 1685 360 1721 sorbus
386 1685 542 1721 GARTN.
570 1686 623 1720 De
648 1687 750 1721 fruct.
776 1692 800 1721 t.
826 1688 888 1731 87,
914 1686 985 1720 DC.
1011 1686 1135 1721 Prodr.
1161 1687 1184 1720 l.
1210 1697 1258 1729 c.,
1293 1685 1424 1721 Sorbus
1453 1687 1610 1729 legitima
1635 1686 1748 1720 CLUS.
1774 1685 1866 1719 Hist.

163 1732 214 1778 pl.
242 1733 269 1778 I,
295 1745 329 1778 p.
358 1734 447 1778 10!).
496 1734 614 1767 Arbor
639 1733 834 1776 mediocris,
860 1743 960 1768 coma
985 1733 1357 1776 rotundato-oblonga,
1384 1734 1529 1777 gemmis
1554 1733 1686 1776 glabris
1710 1732 1867 1776 viscosis,

160 1779 255 1814 foliis
281 1779 501 1823 5—9-jugis,
535 1785 617 1814 ante
644 1780 811 1815 anthesin
837 1780 961 1815 subtus
986 1780 1213 1825 tomentosis,
1239 1780 1378 1814 demum
1404 1780 1622 1823 subglabris,
1657 1778 1865 1813 lanceolatis

161 1826 364 1870 oblongisve
388 1826 466 1861 basi
490 1827 726 1870 integerrimis
757 1833 913 1861 ceterum
946 1832 1071 1870 argute
1104 1827 1269 1867 serratis.
1304 1827 1506 1871 sessilibus3
1543 1827 1708 1870 corymbo
1743 1836 1867 1869 parum

161 1874 370 1917 composito,
395 1873 528 1918 sepalis
552 1873 759 1918 recurvatis,
787 1873 888 1918 stylis
909 1875 948 1915 5,
976 1875 1090 1918 pomis
1117 1873 1368 1918 pyriformibus
1398 1875 1438 1906 1‘¹
1465 1873 1486 1908 1,
1510 1884 1539 1906 v.
1565 1873 1770 1916 majoribus.
1795 1882 1866 1905 ma-

161 1919 252 1955 turis
283 1919 509 1955 flavo-rubris
541 1925 576 1954 et
608 1920 760 1955 tenuiter
794 1919 1167 1965 coeruleo-pruinosis,
1206 1920 1362 1964 capsulis
1393 1920 1599 1964 saepissime
1627 1922 1657 1953 5.
1686 1939 1727 1943 ——
1754 1919 1864 1952 Poma

163 1971 304 2002 matura
329 1966 558 2002 dulciuscula.

258 2024 300 2058 In
324 2024 543 2068 nemoribus,
579 2025 742 2069 sepibus,
781 2025 876 2058 circa
910 2034 1019 2068 pagos
1046 2025 1198 2067 regionis
1230 2024 1385 2058 inferior.
1420 2029 1455 2058 et
1486 2028 1640 2057 montan.
1673 2022 1866 2066 Hispaniae

210 2071 374 2106 oriental.
400 2077 435 2106 et
460 2071 626 2106 australis
652 2072 781 2115 passim
809 2072 858 2112 (in
885 2070 996 2105 Catal.
1023 2071 1057 2104 in
1083 2082 1171 2105 zona
1196 2070 1345 2111 literali,
1379 2080 1421 2103 en
1447 2070 1478 2104 el
1503 2070 1642 2113 Valles,
1670 2069 1804 2108 CSTA.,
1837 2080 1865 2102 c.

210 2117 308 2162 Olot,
342 2117 503 2162 Bonis),
539 2118 574 2151 in
600 2119 753 2160 Aragou.
780 2118 956 2160 (inferiore
981 2118 1109 2161 frequ.,
1142 2118 1259 2152 LOSO.
1284 2117 1429 2160 PARD.,
1463 2116 1584 2150 Sierra
1609 2116 1651 2150 de
1677 2116 1865 2157 Moncayo,

209 2163 357 2199 Libreta
388 2164 431 2199 de
457 2164 682 2208 Piedrahita,
717 2165 825 2208 ASS.,
863 2176 916 2209 pr.
944 2164 1150 2201 Almozara.
1184 2163 1318 2207 ECH.),
1352 2174 1460 2206 regno
1491 2163 1640 2197 Granat.
1673 2163 1725 2207 (in
1751 2162 1866 2196 vallib.

213 2209 350 2245 Sierrae
380 2211 570 2256 Nevadae,
604 2223 633 2246 v.
659 2223 687 2245 c.
721 2223 773 2256 pr.
798 2211 949 2255 Guejar,
992 2211 1103 2255 WK.).
1153 2210 1286 2246 Colitur
1319 2211 1400 2244 hinc
1434 2209 1513 2243 inde
1548 2210 1584 2243 in
1620 2210 1712 2244 omni
1745 2209 1865 2243 forsan

213 2256 400 2302 Hispania.
428 2277 471 2282 —
505 2258 551 2301 ὴ.
576 2258 674 2301 Majo
706 2262 749 2299 (v.
774 2261 829 2303 v.).
882 2257 1027 2293 »Serbal
1060 2269 1203 2301 comun,
1238 2257 1421 2300 Azarollo,
1457 2256 1673 2291 Acafresna«
1712 2256 1866 2300 Castell.,

214 2304 456 2345 »Azarollera,
483 2305 709 2339 Acerollera«
738 2306 906 2348 Aragon.,
936 2305 1118 2349 »Serbera,
1144 2303 1290 2339 Serber«
1319 2304 1430 2339 Catal.

261 2361 351 2397 Hab.
370 2362 406 2397 in
422 2360 526 2406 Gall,
545 2362 678 2407 Austr.,
703 2362 830 2407 Hung,
850 2363 1007 2408 Transs.,
1026 2363 1154 2407 Ornat,
1173 2363 1301 2407 Dalm,
1320 2362 1411 2405 Ital,
1430 2361 1568 2405 Graec.,
1586 2361 1702 2403 Turc.,
1721 2360 1865 2394 Tauria.

258 2431 362 2465 3377.
412 2432 449 2464 S.
477 2432 722 2472 Aucuparia
747 2430 787 2465 L.
814 2430 895 2465 Cod.
928 2442 960 2465 n.
989 2432 1099 2466 3649!
1135 2431 1204 2465 DC.
1231 2431 1286 2465 Fl.
1313 2431 1355 2465 fr.
1387 2431 1408 2465 l.
1436 2442 1483 2475 c.,
1520 2430 1592 2464 GR.
1618 2429 1746 2464 GODR.
1775 2429 1798 2462 1.
1825 2439 1866 2469 c.,

164 2476 315 2512 HAYNE
332 2477 379 2511 Ic.
397 2476 445 2521 pl.
465 2476 555 2511 offic.
575 2477 635 2519 IV,
662 2483 684 2511 t.
703 2479 766 2512 45!
794 2477 947 2512 BOURG.
967 2478 1014 2522 pl.
1032 2489 1105 2513 exs.
1123 2489 1155 2512 n.
1175 2479 1284 2513 2436!
1310 2478 1439 2522 (Pyrus
1458 2477 1664 2521 Aucuparia
1680 2475 1864 2518 GARTNJ.

164 2523 294 2559 Differt
318 2534 340 2558 a
364 2523 527 2568 praeced.
546 2524 692 2566 gemmis
718 2525 936 2566 tomentosis,
962 2524 1138 2569 corymbis
1164 2525 1359 2568 majoribus
1384 2524 1493 2559 multo
1517 2524 1628 2566 magis
1654 2522 1868 2567 compositis,

128 2577 130 2579 ’
165 2569 385 2613 floribundis,
410 2569 558 2605 fioribus
582 2570 788 2615 minoribus,
813 2571 944 2615 sepalis
969 2572 1097 2606 erectis
1120 2571 1259 2605 demum
1284 2571 1486 2614 incurvatis,
1510 2571 1623 2615 pomis
1650 2569 1867 2604 bacciformi-

167 2618 231 2652 bus
249 2617 404 2660 globosis
420 2617 489 2661 pisi
508 2616 759 2661 magnitudine,
778 2619 947 2652 coccineis
966 2618 1172 2662 epruinosis,
1190 2618 1339 2656 acerbis,
1358 2618 1460 2663 stylis
1473 2617 1697 2661 capsulisque
1716 2615 1866 2660 plerum-

165 2674 233 2708 que
259 2666 291 2708 3,
315 2674 396 2699 raro
422 2665 442 2697 2
467 2675 498 2698 v.
524 2665 556 2698 4.
582 2684 626 2688 —
650 2663 767 2698 Arbor
791 2664 979 2699 mediocris
1004 2670 1065 2699 aut
1090 2665 1290 2709 arbuscula,
1316 2664 1492 2699 interdum
1517 2663 1643 2698 frutex.

259 2722 301 2756 In
326 2722 527 2756 nemoribus
552 2722 705 2764 regionis
730 2727 884 2756 montan.
911 2727 946 2756 et
971 2722 1110 2766 alpinae
1133 2722 1327 2766 Hispaniae
1353 2721 1497 2766 boreal.,
1524 2720 1667 2755 central.
1694 2724 1729 2753 et
1753 2719 1867 2752 orien-

210 2768 272 2803 tal.
297 2769 448 2813 passim:
480 2768 516 2801 in
550 2767 684 2802 Gallec.
718 2768 873 2812 (Vallina
901 2768 944 2802 de
969 2768 1126 2813 Doncos,
1154 2769 1285 2813 Πανὶ),
1319 2769 1440 2803 Astur.
1473 2768 1561 2811 (reg.
1593 2766 1731 2809 subalp.
1767 2764 1867 2800 vallis

213 2814 380 2860 Naviegi,
405 2814 538 2859 Dua),
570 2814 734 2849 Cantabr.
763 2815 812 2858 (in
837 2814 968 2849 ditione
994 2815 1170 2859 Liebana,
1196 2815 1390 2859 SOHFSS.),
1416 2820 1564 2858 utraque
1590 2813 1683 2847 Cast.
1711 2811 1865 2856 (Montes

213 2861 256 2895 de
281 2861 435 2906 Burgos,
462 2861 581 2896 Sierra
605 2861 648 2895 de
673 2860 893 2906 Miraflores,
919 2861 954 2895 la
979 2861 1160 2906 Alcarria,
1186 2862 1300 2907 PAL.,
1327 2861 1460 2904 QUER,
1486 2861 1623 2895 Sierras
1648 2858 1690 2893 de
1717 2857 1864 2904 Gredos,

213 2906 270 2941 del
286 2907 399 2942 Barco
424 2912 460 2942 et
483 2907 526 2942 de
551 2908 658 2952 Bejar
683 2908 728 2942 ad
753 2908 814 2943 alt.
842 2909 861 2941 7
869 2909 1027 2953 —80002
1053 2907 1227 2952 GRLLS.),
1253 2910 1407 2951 Aragon.
1434 2908 1482 2952 (in
1503 2907 1619 2941 vallib.
1639 2905 1864 2950 Pyrenaeor.,

214 2953 315 2994 WK„
341 2953 483 2989 Collado
502 2954 544 2988 de
561 2954 735 2997 Badenas,
760 2954 875 2998 Ass),
902 2954 1014 2989 Catal.
1041 2954 1158 2999 (Valle
1177 2955 1219 2988 de
1236 2955 1345 2998 Aran,
1371 2954 1414 2989 de
1432 2953 1560 2997 Viella,
1578 2953 1711 2997 Arties,
1731 2952 1865 2996 ¹CSTA„

213 2999 259 3034 ad
283 3000 406 3036 fluvios
431 2999 627 3045 Nogueira,
654 3001 795 3046 COLM.,
821 3001 880 3035 Set
905 3001 1032 3043 Casas,
1058 3001 1244 3045 Badariol,
1270 3001 1444 3045 POURR.,
1472 3000 1631 3044 ISERN),
1657 2998 1865 3034 Extremad.
