1976 3314
990 177 1085 222 342

191 300 226 333 in
251 300 371 334 orbem
396 298 555 380 erpansi.
602 298 729 335 Variat
752 298 948 334 indumenti
973 297 1137 334 crassitie
1163 302 1198 332 et
1223 295 1418 342 densitate,
1453 296 1582 333 foliolis
1607 296 1885 332 membranaceis

191 351 228 381 et
251 357 399 381 carnosu
417 357 457 381 1s.

286 404 326 438 In
351 414 461 438 arena
485 403 607 437 mobili
623 402 667 437 ad
684 403 804 438 littora
819 402 1009 438 Valentina
1027 402 1140 447 (juxta
1157 401 1272 436 lacum
1289 400 1473 446 Albufera,
1498 402 1606 447 CAV„
1632 401 1758 445 WBB.,
1784 399 1886 444 WK.,

240 461 294 495 pr.
312 450 502 494 Castellon,
527 449 674 493 Gaudia,
701 449 824 495 CAV.),
849 449 995 484 Granat.
1021 450 1086 494 (pr.
1104 446 1227 483 Motril
1265 447 1422 493 Malaga,
1448 447 1642 494 Estepona,
1667 449 1766 491 BSS.,
1791 447 1886 482 Cabo

238 496 282 587 {e
308 497 415 578 gglat,
429 496 572 587 ΡΕΙΙΞᾹᾏ)
590 502 633 588 (et
653 496 754 584 Igaet.
780 495 841 542 (ad
865 496 986 532 littora
1010 495 1162 542 copiose,
1188 476 1313 540 W⁷BB.,
1339 495 1374 530 in
1397 494 1529 531 isthmo
1545 495 1677 540 Gadit„
1706 494 1820 538 WK.).
1843 512 1884 518 —

283 601 375 636 Hab.
401 602 435 636 in
454 600 579 641 Lusit„
604 600 755 646 Balear.,
781 600 889 647 Cors.,
915 599 1064 644 Sardin,
1089 599 1224 645 Ligur„
1251 599 1360 645 Sieil„
1385 598 1523 645 Graec„
1549 599 1746 645 Archipel.,
1772 598 1887 643 Creta,

241 647 368 694 Cypro,
394 648 506 694 Syria,
531 648 706 693 Aegypto.

287 730 390 763 3716.
438 731 482 763 L.
509 728 753 763 Salzmanni
782 726 868 760 BSS.
891 725 1017 760 REUT.
1042 724 1130 768 Pug.
1166 736 1199 769 p.
1227 725 1289 760 37!
1338 724 1494 760 BOURG.
1526 723 1574 768 pl.
1607 734 1681 760 exs.
1716 735 1749 760 n.
1777 724 1888 758 1840!

192 775 247 820 (L.
273 776 424 811 creticus
450 778 486 816 β.
512 774 651 809 varians
687 773 788 808 DQ?
835 772 933 806 LGE.
959 772 1047 815 Pug.
1071 783 1104 816 p.
1132 772 1218 805 369!
1269 770 1310 806 L.
1335 771 1488 807 creticus
1514 770 1624 805 WBB.
1651 782 1708 816 ap.
1732 771 1888 806 BOURG.

193 822 239 866 pl.
267 832 338 858 exs.
365 833 396 857 n.
413 823 514 856 1732!
544 821 584 855 L.
611 824 845 856 commutatus
869 818 1010 863 GUSS.).
1043 818 1077 852 A
1102 817 1220 863 specie
1245 817 1422 863 praeced,
1450 828 1599 863 quocum
1623 817 1760 857 habitu,
1787 817 1887 852 folio-

194 869 304 903 lorum
329 868 606 913 stipularumque
630 866 745 910 figura
769 870 805 901 et
835 865 1040 901 indumento
1073 864 1251 909 congruit,
1289 865 1449 900 caulibus
1473 864 1769 901 adscendentibus
1793 874 1889 899 erec-

194 915 281 950 tisve
306 925 410 960 saepe
438 916 539 949 2—3‘
565 914 600 952 l..
626 912 832 958 pedunculis
851 912 1095 957 crassioribus,
1120 911 1269 947 floribus
1293 911 1487 957 majoribus
1512 911 1573 957 (ad
1595 912 1653 947 8‘⁴¹
1679 921 1790 956 usque
1814 911 1888 946 lon-

194 961 260 1006 gis)
286 967 321 996 et
346 962 538 1006 praecipue
563 960 727 996 dentibus
753 959 926 1005 calycinis
951 959 1110 994 omnibus
1135 957 1348 994 acutissimis
1375 958 1636 1004 (mucronatis),
1671 958 1758 994 labii
1786 967 1889 1003 supe-

193 1008 296 1044 rioris
320 1008 491 1052 profunde
515 1007 592 1043 fissi
617 1007 891 1052 divergentibus,
916 1005 1096 1041 inferioris
1120 1005 1331 1041 lateralibus
1355 1005 1564 1041 intermedio
1589 1016 1657 1041 non
1673 1005 1742 1040 nisi
1760 1005 1890 1040 triente

195 1055 421 1096 brevioribus,
449 1055 566 1090 vexilli
592 1054 701 1089 limbo
727 1053 818 1089 ovali
843 1053 968 1089 obtuso
995 1054 1120 1097 (neque
1147 1052 1378 1097 emarginato)
1403 1052 1438 1088 in
1463 1063 1616 1097 unguem
1643 1052 1774 1088 sensim
1800 1057 1888 1087 atte-

194 1106 322 1147 nuato,
348 1102 469 1137 carina
492 1102 606 1137 minus
632 1106 789 1145 curvata,
816 1099 967 1144 denique
992 1099 1115 1145 calyce
1139 1099 1338 1145 petalisque
1363 1099 1664 1136 rubro-striolatis
1689 1099 1776 1135 satis
1800 1099 1890 1134 bene

193 1148 378 1184 distinctus
403 1159 481 1184 esse
506 1147 654 1183 videtur.

287 1207 329 1241 In
352 1217 463 1242 arena
486 1206 606 1241 mobili
629 1205 751 1241 isthmi
775 1203 944 1240 Gaditani
967 1201 1172 1250 (FAUCHIZ,
1197 1203 1388 1248 BOURG.)‚
1420 1215 1475 1249 pr.
1500 1204 1578 1238 Pto.
1604 1203 1647 1238 de
1672 1203 1745 1238 Sta.
1770 1202 1889 1238 Maria

240 1253 800 1345 ᾖῗῗᾘΜεὲᾓυῗν-ειῖἷγοωοηῐ.
827 1251 921 1287 Cabo
960 1251 1003 1286 de
1028 1250 1100 1286 Sta.
1127 1250 1213 1286 Pola
1246 1262 1299 1296 pr.
1324 1250 1491 1287 Alicante
1516 1249 1730 1295 (BOURG.!).
1765 1269 1810 1275 -—
1845 1249 1891 1293 ὴ.

287 1329 378 1394 Hab.
405 1369 543 1404 quoque
566 1358 602 1393 in
627 1329 774 1402 Algarb.
799 1358 863 1402 (pr.
889 1355 1017 1401 Lagos,
1043 1355 1245 1401 BOURG.!),
1270 1365 1356 1399 agro
1381 1355 1573 1400 Tingitano
1597 1359 1633 1390 et
1657 1354 1788 1390 Sicilia.

286 1417 404 1452 Obse
420 1429 479 1452 rv.
527 1416 569 1450 L.
596 1419 931 1451 commutatus
956 1413 1071 1449 GUSS.
1108 1424 1177 1450 sec.
1214 1413 1407 1459 specimina
1439 1423 1461 1449 a
1492 1412 1535 1448 cl.
1562 1412 1739 1448 TODARO
1764 1416 1800 1448 et
1824 1413 1892 1447 fra-

241 1464 321 1499 trib.
347 1464 464 1499 HUET
494 1463 530 1498 in
556 1462 677 1498 Sicilia
706 1461 799 1497 lecta
832 1472 854 1496 a
888 1460 929 1495 L.
968 1460 1167 1496 Salzmanni
1201 1471 1268 1495 non
1303 1460 1421 1496 differt
1456 1460 1526 1496 nisi
1562 1460 1694 1505 calycis
1729 1459 1893 1495 dentibus

243 1510 358 1546 minus
384 1511 507 1555 acutis,
532 1509 740 1545 lateralibus
763 1507 849 1543 labii
872 1507 1050 1543 inferioris
1074 1507 1207 1543 obtusis
1226 1507 1463 1543 subtruncatis
1482 1512 1517 1542 et
1533 1507 1652 1542 vexilli
1669 1507 1776 1542 limbo
1790 1511 1892 1542 ovato

242 1557 458 1592 acutiusculo
484 1567 592 1601 supra
617 1565 768 1599 unguem
792 1558 985 1590 contracto.
1027 1553 1152 1596 Quoad
1176 1554 1307 1598 calycis
1333 1559 1550 1590 structuram
1575 1554 1664 1589 haec
1689 1553 1798 1599 stirps
1824 1553 1893 1588 for-

241 1615 334 1639 mam
360 1603 461 1648 quasi
485 1602 733 1638 intermediam
758 1601 851 1636 inter
875 1599 916 1636 L.
944 1600 1145 1636 Salzmanni
1169 1606 1205 1636 et
1228 1600 1269 1636 L.
1296 1601 1465 1637 creticum
1501 1600 1702 1646 constituit,
1735 1605 1894 1636 attamen

242 1651 337 1686 nullo
362 1651 464 1686 modo
489 1650 534 1685 ad
558 1649 598 1684 L.
625 1649 793 1684 creticum
819 1647 979 1683 ducenda
1003 1652 1067 1683 est.

242 1742 331 1778 Sect.
358 1742 437 1777 III.
486 1741 693 1776 Euzotus
730 1739 821 1775 SER.
858 1750 914 1784 ap.
950 1738 1023 1774 DC.
1047 1738 1169 1774 Prodr.
1204 1738 1258 1784 II,
1298 1751 1332 1785 p.
1358 1740 1445 1775 210!
1495 1738 1607 1785 Calyx
1631 1737 1894 1784 campanulato-

404 1788 607 1833 tubulosus,
632 1787 830 1832 aequaliter
855 1785 986 1822 5-fidus
1010 1791 1073 1821 aut
1096 1785 1367 1822 subbilabiatus.
1414 1786 1596 1830 Legumen
1621 1785 1756 1821 lineare
1780 1797 1810 1821 v.
1834 1785 1893 1821 ob-

403 1835 556 1880 longum,
581 1839 687 1879 teres,
714 1838 860 1877 rectum,
885 1843 966 1868 raro
991 1832 1253 1868 subarcuatum.

842 1912 866 1955 †
891 1912 1032 1957 Species
1055 1922 1239 1956 perennes.

197 1978 215 2000 '¹‘
240 1977 350 2024 Calyx
375 1977 649 2021 subbilabiatus,
676 1976 841 2011 dentibus
866 1986 989 2021 nempe
1018 1975 1257 2020 superioribus
1282 1977 1303 2009 2
1328 1979 1364 2010 et
1388 1973 1597 2011 lateralibus
1622 1977 1643 2009 2
1668 1975 1819 2018 falcatis,
1843 1975 1894 2010 in-

505 2042 507 2045 ·
559 2023 641 2058 fimo
667 2028 776 2058 recto.
827 2022 967 2058 Corolla
993 2021 1230 2057 exsiccatione
1257 2032 1324 2057 non
1348 2021 1537 2057 virescens.

291 2099 394 2134 3717.
443 2100 488 2132 1..
514 2099 875 2140 longesiliquosus
906 2096 1010 2132 ROM.
1043 2107 1099 2142 ap.
1125 2096 1281 2131 WLLLK.
1315 2096 1442 2131 Enum.
1468 2095 1516 2141 pl.
1542 2107 1575 2131 n.
1601 2097 1663 2131 59!
1701 2096 1755 2140 (L.
1782 2096 1894 2133 corni-

198 2144 335 2180 culatus
360 2155 432 2179 var.
457 2155 647 2180 canescens
672 2144 761 2179 WK.
787 2144 863 2179 Ind.
888 2144 935 2189 pl.
961 2143 1102 2178 Balear.
1127 2154 1160 2178 n.
1187 2144 1281 2187 584).
1329 2142 1414 2179 Basi
1439 2142 1701 2187 suffrutescens‚
1726 2143 1896 2189 adpresse

198 2191 401 2236 puberulus,
427 2191 540 2227 virens
565 2203 594 2226 v.
620 2201 820 2236 canescens,
846 2190 1006 2226 caulibus
1031 2189 1168 2226 diffusis
1193 2189 1453 2235 ramosissimis,
1478 2190 1618 2224 8—12‘¹
1635 2189 1675 2236 1.;
1700 2189 1793 2226 foliis
1819 2192 1895 2226 bre—

197 2239 286 2273 viter
309 2237 506 2283 petiolatis,
533 2238 663 2273 foliolis
687 2237 805 2283 parvis
830 2237 1168 2282 obovato-cuneatis,
1196 2236 1444 2282 acutiusculis,
1470 2237 1598 2273 retusis
1623 2249 1654 2272 v.
1679 2237 1896 2282 subemargi-

199 2285 302 2330 natis,
327 2285 592 2330 mucronulatis,
619 2284 761 2329 stipulis
785 2284 857 2319 late
882 2283 993 2320 ovatis
1018 2295 1047 2318 v.
1074 2283 1306 2329 subcordatis,
1330 2283 1409 2320 basi
1425 2283 1590 2328 obliquis,
1616 2284 1763 2328 obtusis,
1781 2284 1893 2330 petio-

199 2332 270 2365 lum
295 2332 530 2376 aequantibus
555 2344 583 2366 v.
612 2331 872 2376 superantibus3
908 2330 1115 2376 pedunculis
1149 2330 1373 2374 2-6-fl0ris,
1409 2330 1472 2366 sub
1505 2331 1646 2365 anthesi
1675 2331 1756 2366 folio
1788 2331 1896 2377 duplo

198 2378 349 2423 triplove
373 2378 601 2423 longioribus,
628 2378 822 2413 fructiferis
839 2377 1024 2420 elongatis,
1051 2377 1194 2422 crassis,
1219 2377 1320 2422 apice
1344 2376 1467 2412 folium
1493 2377 1748 2423 exstipulatum
1773 2388 1895 2423 geren-

199 2425 314 2469 tibus,
340 2424 488 2460 floribus
514 2425 602 2460 satis
626 2425 763 2469 magnis
778 2425 812 2468 (6
827 2424 974 2469 -7¹‘¹l.),
996 2424 1129 2469 calycis
1154 2423 1317 2460 dentibus
1343 2427 1363 2459 2
1390 2424 1632 2469 superioribus
1658 2429 1694 2460 et
1719 2427 1740 2459 2
1765 2425 1895 2460 latera-

199 2472 291 2507 libus
317 2482 336 2506 e
363 2472 438 2507 basi
462 2471 674 2516 triangulari
698 2471 907 2507 acuminatis
932 2471 1089 2510 falcatis.
1127 2470 1248 2505 infimo
1284 2471 1327 2506 iis
1364 2471 1523 2515 longiore
1555 2476 1654 2507 recto
1686 2471 1895 2516 lanceolat0‚

199 2519 360 2553 omnibus
385 2519 618 2563 mucronatis,
654 2518 773 2553 vexilli
805 2517 912 2553 limbo
937 2517 1009 2552 late
1035 2522 1137 2552 ovato
1162 2518 1288 2552 obtuso
1312 2518 1348 2552 in
1372 2528 1524 2561 unguem
1548 2518 1661 2554 latum
1684 2518 1896 2554 canalicula-

200 2571 274 2600 tum
300 2570 490 2611 contracto,
515 2564 617 2609 flavo,
642 2564 904 2605 rubro-striato,
930 2563 997 2600 alis
1022 2564 1124 2609 apice
1149 2563 1349 2600 rotundatis
1375 2564 1566 2609 carinaque
1583 2570 1736 2609 angusta
1752 2571 1896 2600 curvata

200 2617 357 2647 rostrata
374 2612 490 2656 luteis,
510 2612 634 2647 vexillo
651 2611 888 2657 brevioribus3
906 2611 1142 2655 leguminibus
1158 2610 1352 2647 linearibus
1369 2612 1487 2658 rectis,
1507 2612 1730 2658 12—20¹“l.;
1756 2612 1895 2647 semini-

201 2660 265 2694 bus
291 2658 458 2704 globosis,
487 2658 656 2703 laevibus,
682 2659 859 2694 testaceis.

293 2716 335 2750 In
360 2716 446 2752 locis
473 2717 609 2752 saxosis
634 2717 860 2761 arenosisque
884 2715 1066 2752 sterilibus
1091 2715 1245 2759 regionis
1270 2715 1416 2752 littoral.
1443 2716 1540 2760 regni
1558 2715 1704 2751 Granat.
1729 2715 1779 2760 (iu
1797 2715 1895 2751 alveo

248 2762 398 2806 quodam
422 2764 600 2799 exsiccato
622 2763 725 2808 juxta
749 2763 869 2798 villam
893 2761 1076 2798 Hacienda
1107 2762 1150 2797 de
1181 2761 1313 2807 Ortega
1350 2763 1427 2808 agri
1451 2762 1678 2807 Malacitani,
1713 2761 1825 2807 WK.).
1850 2782 1895 2788 ——-

253 2817 287 2848 21.
314 2809 358 2852 ὴ.
385 2809 483 2856 Apr.,
508 2810 606 2855 Majo
632 2810 675 2854 (v.
701 2809 755 2854 xa).

295 2867 385 2903 Hab.
413 2879 550 2913 quoque
574 2869 610 2903 in
634 2868 751 2903 insula
774 2867 978 2903 Balearium
1002 2867 1146 2911 majore.

298 2948 398 2981 3718.
446 2950 492 2982 L.
518 2951 735 2990 glareosus
767 2949 853 2984 BSS.
886 2948 1012 2983 REUT.
1043 2948 1129 2991 Pug.
1162 2961 1196 2994 p.
1222 2951 1285 2985 36!
1333 2949 1462 2985 Virens
1486 2960 1516 2984 v.
1542 2958 1746 2992 canescens,
1780 2948 1895 2983 rhizo-

206 2995 299 3026 mate
325 2993 461 3036 liguoso
485 2996 707 3041 multicipite,
732 2996 888 3031 caulibus
913 2995 1060 3039 diffusis,
1086 3006 1191 3040 saepe
1215 2996 1251 3031 iu
1275 2995 1395 3031 orbem
1420 2994 1599 3041 expansis,
1624 2995 1839 3031 abbreviatis
1863 3007 1894 3030 v.

207 3038 396 3083 elongatis,
430 3040 624 3090 induratis,
658 3043 841 3089 tenuibus,
879 3047 1029 3088 anguste
1062 3041 1252 3087 fistulosis,
1287 3042 1454 3088 ramosis3
1487 3041 1580 3078 foliis
1611 3042 1730 3089 parvis
1763 3040 1895 3089 petiole
