1976 3314
999 71 1093 114 104

200 194 283 233 rius
317 194 609 246 semisuperum
642 205 664 231 e
697 192 884 244 carpellis
927 191 950 231 2
992 192 1079 244 plus
1124 193 1251 231 minus
1293 192 1476 230 connatis
1519 198 1730 243 constans,
1774 194 1889 245 apice

200 251 438 303 saepissime
483 251 596 304 stylis
644 252 666 290 2
710 251 863 290 conicis
908 249 1219 289 corniformibus
1267 249 1458 288 munitum
1501 254 1541 288 et
1585 254 1665 290 tum
1712 250 1891 301 bicorne,

203 309 454 360 stigmatibus
487 309 668 360 capitatis
700 321 734 346 v,
767 307 943 346 clavatis.
989 306 1157 357 Capsula
1192 305 1371 354 bivalvis‚
1403 307 1651 359 marginibus
1685 307 1889 347 valvarum

199 365 444 418 (phyllorum
489 365 838 417 carpellariorum)
881 369 947 403 aut
989 364 1148 402 omnino
1197 363 1421 402 introssexis
1467 364 1594 415 (caps.
1640 364 1887 413 bilocularis)

201 428 268 462 aut
299 435 435 474 parum
470 423 692 462 introssexis
732 427 859 473 (caps.
899 420 1194 468 unilocularis].
1257 419 1382 460 Ovula
1418 425 1610 473 anatropa
1644 422 1891 474 marginibus

202 480 447 520 valvularum
482 485 547 520 aut
580 479 771 532 placentis
811 477 1068 530 parietalibus
1110 479 1272 517 inserta.
1336 477 1498 517 Semina
1532 479 1650 518 multa
1685 491 1893 531 perparva,

205 538 426 591 embryone
459 543 569 577 recto
603 538 640 576 in
675 536 872 576 albumine
913 547 1084 574 carnoso
1123 534 1313 585 (ventrali,
1352 535 1657 588 cotyledonibus
1690 537 1893 587 brevibus,

203 595 377 635 radicula
409 595 527 634 hilum
561 598 778 646 spectante.

318 685 516 725 DCCXVI.
559 683 1009 725 CHRYSOSPLENlUM
1035 682 1075 721 L.
1101 681 1198 722 Gen.
1222 682 1271 734 pl.
1319 682 1446 736 Calyx
1478 683 1694 725 corollinus
1720 681 1895 735 4-lobus,

203 745 304 784 lobis
336 757 422 783 cum
457 742 567 781 disco
601 742 849 793 poculifornn
883 740 1082 790 connatis,
1123 741 1197 780 sub
1236 740 1391 780 anthesi
1427 743 1715 793 patentissimis
1749 747 1891 793 postea

203 802 343 852 auctis,
375 800 528 840 duobus
561 800 791 851 majoribus.
854 798 986 837 Petala
1021 798 1137 837 nulla.
1197 798 1373 837 Stamina
1407 798 1432 837 8
1465 799 1520 851 (in
1555 799 1720 840 floribus
1753 813 1893 853 cymae

205 858 447 899 centralibus
481 857 679 896 interdum
718 856 788 899 10]
822 856 868 894 ad
904 856 1124 908 marginem
1159 855 1258 895 disci
1294 857 1478 910 perigyni
1513 858 1677 897 inserta.
1724 857 1895 909 Capsula

203 915 458 956 unilocularis
491 927 724 966 compressa
757 914 1005 965 emarginala
1040 913 1087 952 ad
1120 913 1292 953 medium
1327 926 1454 965 usque
1489 914 1525 953 in
1560 915 1738 955 valvulas
1773 915 1796 954 2
1830 927 1894 954 se-

206 973 355 1013 cedens
388 977 428 1012 et
459 972 610 1011 semina
643 983 858 1012 numerosa
892 983 1034 1010 versus
1068 970 1228 1011 fundum
1263 971 1383 1011 affixa
1412 971 1635 1012 denudans.
1662 998 1715 1000 -„
1738 973 1896 1013 Herbae

203 1031 458 1071 succulentae
491 1029 597 1068 foliis
630 1029 831 1081 petiolatis
864 1028 1086 1068 rotundatis
1119 1029 1308 1068 crenatis.
1350 1028 1491 1069 Flores
1515 1031 1554 1069 in
1587 1042 1724 1083 cymas
1758 1030 1893 1069 dicho-

203 1094 330 1128 tomas
363 1087 590 1126 terminales
622 1087 729 1126 foliis
761 1086 964 1126 floralibus
997 1085 1264 1126 involuoratas
1297 1086 1493 1138 dispositi.

296 1167 313 1199 ¹?
330 1167 430 1199 3163.
481 1167 551 1199 Ch.
577 1167 879 1199 alternisolium
905 1164 946 1200 L.
974 1164 1056 1198 Cod.
1083 1176 1114 1198 n.
1143 1167 1254 1200 3137!
1280 1164 1350 1199 GR.
1376 1165 1507 1201 GODR.
1535 1166 1591 1200 Fl.
1619 1166 1677 1199 Fr.
1698 1168 1728 1209 1,
1754 1179 1786 1211 p.
1807 1168 1894 1201 660!

203 1213 326 1247 COLM.
353 1211 463 1246 Catal.
490 1224 522 1255 p.
549 1213 608 1246 61!
641 1211 745 1245 LAM.
771 1211 825 1244 111.
852 1217 876 1245 t.
904 1213 988 1246 374!
1023 1212 1163 1246 STURM
1188 1211 1242 1245 Fl.
1268 1211 1432 1246 German.
1460 1213 1487 1253 Ι,
1516 1214 1575 1246 12!
1627 1213 1738 1247 Laete
1764 1213 1892 1256 virens;

202 1259 302 1293 caule
328 1265 444 1292 erec-to
470 1259 583 1291 3-›6“
609 1258 632 1291 l.
656 1258 755 1303 apice
787 1258 1001 1298 (lichotomo,
1041 1258 1227 1301 triquetro,
1268 1258 1402 1293 inferne
1435 1271 1513 1293 cum
1549 1259 1691 1304 petiolis
1717 1259 1896 1301 villosulo;

202 1306 296 1340 foliis
321 1305 530 1339 basilarihus
555 1305 655 1348 longe
680 1305 877 1349 petiolatis,
916 1305 1067 1340 caulinis
1100 1305 1223 1349 paucis
1257 1305 1419 1347 alternis.
1457 1305 1641 1340 floralibus
1667 1307 1703 1340 in
1729 1307 1898 1351 petiolum

201 1353 341 1386 brevem
367 1351 557 1385 contractis
583 1362 725 1385 amoene
751 1350 1009 1390 flavicantibus,
1036 1351 1189 1385 omnium
1216 1351 1324 1385 limbo
1350 1363 1473 1396 sparse
1501 1353 1652 1398 pilosulo
1680 1364 1799 1396 grosse
1825 1365 1899 1388 cre-

201 1403 294 1437 nato,
322 1398 480 1432 foliorum
505 1398 707 1432 inferiorum
735 1398 926 1432 reniformi:
955 1397 1101 1433 floribus
1127 1397 1237 1434 flavis.
1265 1399 1456 1434 seminibus
1484 1400 1592 1442 nigris
1618 1399 1750 1434 nitidis.

255 1503 278 1536 lx
294 1456 333 1489 In
360 1455 444 1490 locis
471 1455 622 1491 humidis
649 1456 822 1490 umbrosis
848 1457 1001 1500 regionis
1027 1456 1182 1491 inferior.
1202 1457 1432 1491 Catalauuiae
1451 1458 1616 1502 (COLM.).
1644 1479 1685 1483 —
1715 1466 1752 1498 ιι.
1779 1458 1899 1495 Mart..

247 1528 259 1537 Δ
282 1503 562 1583 Ιῗὶἐῑὶξῗὶίιζὲῐηηί
588 1548 744 1593 Europa,
770 1559 843 1583 exc.
871 1549 997 1591 Lusit,
1022 1550 1174 1594 Balea1·.‚
1201 1550 1363 1584 Graecia.

295 1606 470 1640 Observ.
519 1605 631 1647 Quum
657 1606 718 1639 Ch.
753 1606 1002 1641 alternifolium
1036 1608 1071 1641 in
1097 1607 1273 1652 Hispania
1307 1619 1369 1642 nec
1403 1608 1538 1642 boreali
1570 1619 1634 1641 nec
1660 1608 1806 1642 centrali
1832 1618 1896 1641 nec

250 1653 410 1687 orientali
436 1653 613 1696 hucusque
638 1653 824 1688 observata
851 1654 897 1688 sit
921 1660 955 1688 et
981 1654 1022 1688 cl.
1043 1654 1174 1689 COSTA
1194 1654 1264 1695 (Fl.
1291 1654 1395 1689 catal.
1422 1667 1454 1699 p.
1474 1656 1534 1693 91)
1561 1665 1597 1689 se
1624 1656 1715 1688 hanc
1740 1654 1899 1698 plantam

250 1698 285 1732 in
303 1699 509 1733 Cata-latinia
525 1710 698 1742 nunquam
717 1699 845 1735 vidisse
863 1700 1027 1744 affirmet,
1052 1701 1153 1735 valde
1179 1695 1312 1745 dubito,
1339 1701 1422 1745 quin
1449 1701 1557 1746 stirps
1584 1713 1603 1736 a
1622 1701 1666 1735 cl.
1685 1701 1900 1735 COLMEIRO

250 1745 393 1779 laudata
419 1745 461 1780 ad
487 1745 548 1779 Ch.
575 1746 824 1780 alternifolium
850 1747 1036 1782 referenda
1061 1748 1116 1782 sit.

302 1810 401 1842 3164.
452 1811 523 1842 ch.
551 1812 888 1850 oppositifolium
914 1811 954 1844 L.
981 1811 1063 1845 Cod.
1091 1823 1124 1845 n.
1151 1813 1260 1845 3138!
1294 1811 1365 1845 GR.
1392 1811 1521 1845 Goon.
1549 1810 1570 1845 l.
1597 1822 1625 1844 c.
1654 1811 1795 1845 STURM
1821 1810 1841 1844 l.
1869 1822 1901 1843 c.

208 1855 235 1890 Ι.
263 1856 299 1888 4!
350 1854 477 1889 Differt
502 1866 522 1888 a
547 1856 708 1899 praeced.
734 1862 872 1891 statura
897 1858 1104 1901 graciliore,
1129 1858 1229 1892 caule
1255 1857 1511 1901 quadrangulo,
1537 1857 1632 1892 foliis
1657 1857 1817 1891 omnibus
1843 1868 1904 1900 op-

207 1901 347 1945 positis,
372 1901 584 1935 basilaribus
609 1903 747 1937 brevius
775 1904 972 1947 petiolatis„
1008 1904 1192 1939 floralibus
1216 1904 1273 1938 vix
1299 1904 1482 1942 coloratis,
1522 1903 1627 1938 limbo
1653 1903 1816 1938 soliorum
1842 1904 1903 1937 ob-

207 1948 316 1982 solete
342 1953 482 1983 crenato
509 1949 723 1983 subrotundo
750 1950 826 1984 basi
851 1957 1013 1986 truncato
1040 1956 1101 1986 aut
1126 1952 1159 1985 in
1186 1951 1352 1995 petiolum
1379 1955 1576 1990 contracto,
1603 1951 1711 1994 cymis
1737 1949 1903 1984 floribus-

207 2004 273 2037 que
298 1995 500 2028 minoribus.
529 2015 571 2018 ⁷
596 1996 724 2030 Planta
749 1997 926 2040 humilior,
951 1999 1128 2042 caespites
1153 1998 1374 2032 succulentos
1400 1997 1545 2039 fragiles
1571 1996 1736 2031 formans.

302 2051 342 2084 In
368 2052 506 2091 rivulis,
538 2053 708 2095 fontibus,
743 2055 829 2089 locis
854 2055 995 2099 irriguis
1020 2056 1171 2099 regionis
1196 2056 1351 2090 inferior.
1379 2061 1414 2089 et
1440 2060 1592 2090 montan.
1621 2055 1816 2099 Hispaniae
1841 2055 1901 2089 bo-

253 2098 357 2139 real.⁷
383 2099 528 2133 central.
555 2105 590 2133 et
614 2100 736 2134 orient.
762 2102 910 2144 passini:
941 2103 975 2136 in
1000 2103 1134 2136 Gallec.
1163 2103 1348 2145 (POURR.,
1387 2101 1429 2135 ad
1466 2112 1545 2146 pag.
1574 2102 1764 2145 Becerrea,
1791 2101 1901 2142 LGE,

254 2144 454 2183 Piedrafita,
475 2144 641 2189 TEXID.).
669 2157 775 2190 regno
794 2148 939 2191 Legion.
959 2149 1193 2191 (Villat’ranca
1211 2149 1265 2183 del
1285 2149 1424 2185 Vim-20,
1450 2148 1573 2188 L(4E.).
1599 2148 1763 2183 Cantabr.
1783 2147 1902 2187 (Valle

257 2190 298 2223 de
325 2190 481 2235 Ruedas,
508 2192 647 2227 BOUT.!
674 2205 702 2226 c.
730 2193 829 2230 Irun.
856 2195 1038 2239 Oyarzun,
1074 2196 1108 2229 in
1135 2203 1250 2229 monte
1278 2196 1373 2229 Pena
1400 2195 1581 2239 Gor-vexa.
1611 2195 1725 2237 NVK),
1751 2200 1900 2237 utraque

258 2236 352 2271 Cast.
378 2238 531 2274 (Montes
556 2239 598 2272 (le
624 2240 769 2282 Burgos,
795 2241 908 2285 PAL.,
934 2242 978 2276 ad
1004 2242 1037 2277 S.
1062 2243 1172 2277 Pablo
1198 2242 1240 2276 de
1265 2242 1419 2283 Montes,
1446 2242 1627 2283 POURR.),
1653 2241 1764 2276 Catal.
1791 2240 1898 2283 (Olot,

256 2282 377 2324 QUER,
405 2284 547 2327 Bonos7
572 2286 630 2319 Col
657 2286 699 2319 de
727 2287 897 2327 Portales,
924 2289 1054 2329 SALV..r
1081 2289 1265 2333 Monseny,
1292 2290 1422 2332 SALV.‚
1449 2289 1577 2331 CSTA„
1604 2288 1753 2327 JOVER.
1780 2287 1900 2320 Sim-ra

255 2328 297 2362 de
322 2329 444 2369 Nuria,
471 2331 639 2376 Caraups,
666 2333 878 2377 Vilallonga,
905 2335 1073 2379 TEXID.).
1100 2356 1143 2359 ——
1172 2344 1207 2376 21.
1234 2336 1333 2380 Apin,
1361 2336 1458 2379 Majo
1486 2338 1528 2378 (v.
1555 2335 1611 2378 v.).

300 2387 388 2421 Hah.
414 2388 449 2421 in
474 2388 597 2433 Lusit.7
622 2390 726 2432 Gall..
754 2392 832 2426 Ital.
859 2404 987 2437 super..
1015 2393 1162 2438 Europa
1187 2393 1276 2429 med.
1303 2399 1337 2428 et
1362 2393 1448 2433 bor..
1476 2391 1672 2428 Britannia.

327 2468 540 2509 DCCXVll.
603 2471 897 2513 SAXIFRAGA
930 2474 970 2515 L.
1004 2474 1100 2514 Gen.
1132 2475 1182 2527 pl.
1244 2475 1369 2528 Calyx
1410 2473 1619 2526 5—sepalus
1660 2473 1810 2525 sepalis
1852 2473 1899 2512 ad

216 2527 434 2578 marginem
468 2527 627 2567 thalami
660 2530 935 2581 cyathiformis
969 2537 1034 2572 aut
1066 2533 1230 2572 concavi
1264 2532 1443 2582 adnatis,
1485 2532 1702 2571 trinerviis.
1765 2530 1897 2570 Petala

215 2580 239 2619 5
271 2583 417 2634 sepalis
451 2584 604 2625 alterna
646 2599 732 2626 cum
777 2589 1010 2629 staminibus
1056 2590 1214 2629 thalami
1258 2591 1428 2643 margini
1473 2591 1644 2638 inserta,
1691 2589 1899 2641 perigyna,

213 2640 278 2677 tri-
312 2642 440 2680 rarius
474 2644 799 2694 quinquenervia.
847 2647 1025 2686 Stamina
1055 2647 1115 2698 10,
1148 2660 1314 2699 quorum
1340 2647 1523 2699 &petalis
1547 2647 1731 2699 opposita
1765 2650 1805 2684 et
1837 2645 1899 2684 bis

214 2707 332 2747 saepe
377 2698 644 2739 adhaerentia.
715 2702 901 2742 Ovarium
949 2705 1224 2745 semiinferum
1271 2705 1465 2752 (thalamo
1509 2704 1786 2758 cyathiformi)
1836 2708 1902 2742 aut

214 2765 400 2816 superum
433 2756 628 2800 (thalamo
661 2762 875 2808 concavo),
910 2762 1238 2804 multiovulatum.
1289 2763 1388 2816 Styli
1422 2762 1445 2802 2
1478 2762 1565 2802 basi
1599 2761 1713 2800 valde
1749 2761 1899 2800 incras-

213 2814 286 2848 sati
319 2815 358 2849 et
390 2812 426 2849 in
460 2815 610 2853 vertice
644 2817 767 2854 ovarii
801 2817 1045 2858 disciformis
1079 2820 1260 2870 pulvinar
1283 2820 1529 2873 (stylopodio
1556 2817 1898 2859 umbelliferarum

216 2865 318 2930 haud
359 2867 575 2917 dissimile]
618 2873 849 2914 formantes.
913 2876 1083 2927 Capsula
1125 2877 1240 2929 stylis
1283 2878 1592 2929 persistentibus
1639 2876 1824 2915 birostris
1864 2888 1899 2913 v.

214 2924 401 2977 bicornis,
432 2925 660 2968 bilocularis
693 2931 862 2982 (rectius
895 2932 1048 2972 fructus
1080 2947 1102 2973 e
1135 2934 1322 2974 folliculis
1347 2934 1370 2974 2
1400 2935 1555 2974 inferne
1588 2934 1769 2974 connatis
1803 2945 1899 2972 con-
