1976 3314
885 117 979 160 217

78 234 159 279 plus
184 234 342 268 minusve
367 233 598 277 glandulosis,
625 232 986 278 duplicato-serratis,
1013 233 1179 269 dentibus
1203 234 1572 278 glanduloso-ciliatis,
1598 246 1679 269 raro
1706 236 1786 270 sim-

78 280 219 325 pliciter
236 280 404 319 serratis:
431 281 571 324 petiolis
593 279 941 324 tonientoso-pilosis,
968 279 1199 323 glandulosis,
1225 282 1409 325 aculeatis,
1439 282 1579 326 stipulis
1599 282 1787 326 superiori-

78 328 142 362 bus
168 326 345 371 dilatatis:
380 326 527 361 floribus
554 327 725 361 solitariis
750 338 779 361 v.
805 326 947 370 paucis,
979 327 1165 371 pedicellis
1198 326 1364 363 floriferis
1391 328 1785 373 glanduloso—hispidis.

79 373 260 409 rarissime
278 373 538 416 eglandulosis;
565 373 788 417 receptaculo
806 372 963 408 florifero
989 374 1146 418 elliptico
1164 382 1265 409 ovato
1292 375 1505 418 subgloboso
1530 388 1558 410 v.
1588 375 1788 419 sphaerico,

78 420 447 465 glanduloso-bispido
474 432 503 455 v,
529 420 779 464 eglandulos03
814 419 945 464 sepalis
977 420 1215 465 glandulosis,
1249 422 1444 466 majoribus
1471 424 1611 466 copiose
1636 422 1789 466 pinnati-

83 467 202 511 sectis,
237 472 317 512 post
350 467 513 502 anthesin
550 467 712 501 refractis
747 478 776 501 v.
809 466 1102 511 ascendentibus,
1136 467 1216 502 dein
1251 469 1611 514 erecto-patentibus,
1649 468 1789 502 denium

78 514 252 558 deciduis3
291 514 419 559 petalis
454 525 561 558 saepe
598 513 731 559 pallide
763 514 896 556 roseis,
933 525 1014 548 raro
1050 520 1207 549 saturate
1243 516 1374 559 roseis,
1414 516 1595 550 rarissime
1630 516 1788 558 margine

79 561 262 608 superiore
296 561 667 605 ciliato-glandulosisg
704 560 791 595 toris
822 560 1015 595 fructiferis
1052 561 1165 596 ovatis
1200 562 1421 606 subglobosis
1453 562 1649 607 sphaericis
1681 563 1789 597 turbi-

79 608 170 643 natis
196 620 225 642 ν.
252 607 423 651 oblongis,
449 609 587 649 erectis,
614 617 721 642 necne
748 607 980 652 praecocibus
1008 618 1070 642 nec
1098 608 1277 643 serotinis.

170 665 211 699 In
236 665 391 711 sepibus,
417 665 569 700 dumetis
596 670 631 700 ct
658 664 784 709 sylvis:
811 664 848 699 in
873 664 985 699 Catal.
1015 666 1063 708 (in
1089 665 1219 700 ditione
1246 666 1338 708 Olot,
1366 666 1617 710 VAYRE1)A!).
1643 667 1788 701 Castell.

126 718 192 747 vet.
220 711 276 754 (de
302 712 503 747 Riocavado
529 712 571 747 de
597 712 632 746 la
657 712 771 747 sierra
795 711 841 746 ad
858 711 992 747 Pineda
1010 712 1052 747 de
1078 713 1114 747 la
1133 713 1263 748 sici-ra!
1292 724 1362 748 sec.
1381 713 1541 757 COSTA).
1563 734 1603 738 —-
1623 720 1658 751 ἲ).
1684 713 1789 749 Junio

127 759 278 794 —Juli0.

170 816 261 851 Hab.
288 816 362 851 fere
388 817 423 851 in
446 815 540 850 omni
568 815 713 860 Europa
739 815 952 860 praesertim
976 816 1013 849 in
1038 816 1179 859 regione
1205 815 1321 851 media
1347 822 1382 851 et
1406 817 1440 851 in
1467 817 1636 852 Caucaso.

125 908 216 944 Sect.
243 908 315 943 IX.
372 907 583 943 Vinosae.
634 907 760 942 Caules
787 907 905 952 rigidi,
933 908 1034 953 apice
1060 919 1129 942 non
1154 909 1301 944 arcuati.
1351 909 1477 944 Aculei
1501 910 1600 952 recti,
1626 910 1790 953 graciles.

288 955 316 988 F
320 954 427 990 oliola
453 965 559 999 saepe
586 954 750 998 utrinque
776 955 907 999 pilosa,
941 954 1172 997 eglandulosa
1198 968 1227 990 v.
1255 956 1380 991 subtus
1406 956 1615 1000 glandulosa
1641 958 1714 991 fere
1740 957 1790 990 in-

284 1001 404 1036 odora.
452 1001 579 1036 Flores
604 1001 788 1036 bracteati.
837 1001 968 1046 Sepala
992 1007 1072 1046 post
1097 1002 1264 1037 antbesin
1291 1003 1537 1048 ascendentia,
1568 1003 1648 1038 dein
1675 1004 1791 1038 conni-

286 1049 413 1094 ventia,
438 1047 680 1093 persistentia.

171 1131 275 1164 3430.
323 1131 370 1163 R.
396 1131 539 1164 mollis
565 1129 630 1163 SM.
666 1128 770 1172 Engl.
803 1128 870 1164 Bot
913 1130 985 1164 tab.
1021 1130 1112 1163 2459
1147 1130 1276 1174 (1812).
1327 1130 1383 1174 (R.
1420 1130 1629 1166 mollissima
1664 1131 1791 1165 FRIES

77 1176 193 1212 Novit.
218 1189 252 1221 p.
281 1178 342 1209 151
371 1176 492 1220 (1828)
528 1187 595 1209 non
626 1175 799 1210 W1L11D.!
833 1186 896 1210 nec
920 1176 1100 1219 BORKH.,
1135 1176 1178 1213 R.
1211 1177 1405 1222 pomifera,
1440 1178 1595 1213 BOURG.
1622 1177 1674 1212 Pl.
1701 1178 1789 1223 Esp.

80 1224 170 1258 1863
205 1234 274 1257 nou
304 1222 483 1266 HERRM.)
539 1222 706 1258 Caulibus
741 1222 849 1257 ramis
884 1228 919 1257 et
960 1223 1107 1258 ramulis
1144 1222 1310 1258 floriferis
1345 1225 1468 1267 rectis,
1504 1235 1611 1269 saepe
1647 1224 1789 1269 rigidis,

78 1270 212 1305 aculeis
230 1270 348 1313 rectis,
375 1269 559 1313 elongatis,
586 1269 789 1315 gracilibus,
816 1269 895 1304 basi
915 1269 1098 1314 paululum
1122 1271 1342 1315 incrassatis,
1370 1282 1477 1317 saepe
1502 1271 1789 1314 horizontalibus,

77 1316 244 1352 retrorsis
269 1329 298 1351 v.
325 1316 618 1359 ascendentibns3
646 1316 777 1351 foliolis
805 1318 905 1358 3—7,
932 1317 1045 1352 ovatis
1070 1329 1100 1351 v.
1119 1317 1425 1362 ovato-ellipticis,
1452 1318 1589 1353 obtusis
1615 1319 1792 1353 obtusius-

78 1364 167 1399 culis
193 1376 222 1398 v,
251 1363 405 1398 breviter
429 1362 555 1405 acutis,
582 1374 690 1407 supra
716 1363 991 1407 pubescentibus
1017 1376 1046 1398 v,
1065 1364 1210 1407 glabris,
1237 1364 1479 1408 eglandulosis
1505 1378 1534 1400 v.
1560 1376 1667 1410 parce
1693 1366 1790 1409 glan-

79 1410 224 1451 dulosis,
253 1410 377 1445 subtus
398 1410 702 1453 cinereo-villosis,
729 1421 808 1444 raro
834 1410 1096 1454 glabriusculis,
1123 1411 1364 1455 eglandulosis
1391 1425 1418 1447 v.
1445 1412 1552 1447 dense
1579 1419 1614 1447 et
1639 1414 1793 1447 tenuiter

81 1457 311 1501 glandulosis,
336 1456 694 1502 duplicato-serratis,
721 1456 884 1492 dentibus
911 1468 1052 1503 semper
1075 1459 1218 1503 copiose
1243 1459 1620 1502 glaiiduloso-ciliatis;
1646 1459 1791 1504 petiolis

77 1504 435 1548 tomentoso-pilosis,
469 1515 550 1539 raro
576 1504 845 1548 glabriusculis,
882 1504 1115 1548 glandulosis.
1150 1506 1340 1549 aculeatis,
1376 1506 1517 1551 stipulis
1545 1506 1790 1551 superioribus

78 1551 149 1586 late
176 1551 352 1587 dilatatis:
387 1550 536 1586 floribus
563 1551 731 1586 solitariis
757 1563 786 1585 v.
814 1551 956 1595 paucis,
992 1551 1176 1596 pedicellis
1203 1551 1369 1587 floriferis
1396 1553 1788 1599 glanduloso-hispidis,

78 1598 263 1633 rarissime
297 1598 555 1641 eglandulosis3
594 1598 817 1642 receptaculo
847 1597 1002 1632 florifero
1033 1599 1365 1642 ovat‹.›-subg101<soso
1400 1612 1428 1634 v.
1463 1600 1672 1645 sphaerico,
1710 1601 1789 1644 plus

77 1645 236 1680 minusve
262 1644 643 1688 glanduloso-hispido,
670 1655 750 1679 raro
769 1644 1018 1688 eglanduloso:
1047 1646 1179 1689 sepalis
1205 1645 1436 1690 glandulosis,
1463 1647 1658 1692 majoribus
1683 1658 1790 1691 parce

78 1692 343 1736 pinnatisectis,
376 1691 490 1726 rarius
517 1691 752 1734 subintegris,
789 1697 868 1735 post
894 1692 1061 1726 antlzesin
1086 1693 1374 1736 ascendentibus,
1407 1693 1488 1728 dein
1514 1694 1790 1733 conniventibus,

77 1738 369 1783 persistentibus,
397 1749 464 1772 non
491 1738 631 1773 demum
657 1737 833 1782 deciduis,
868 1738 999 1782 petaus
1026 1744 1187 1774 saturate
1212 1740 1345 1783 roseis,
1373 1751 1479 1785 saepe
1505 1740 1662 1783 margine
1689 1751 1791 1784 supe-

77 1786 169 1821 riore
202 1784 579 1828 ciliato-glandul‹)sis;
614 1785 701 1819 toris
736 1784 931 1819 fructiferis
966 1786 1189 1828 subglobosis
1224 1787 1564 1831 ovato-subglobosis
1592 1788 1790 1832 sphaericis

77 1832 328 1878 pyriformibus
354 1844 383 1866 v.
410 1832 611 1876 turbinatis,
638 1831 779 1876 erectis,
804 1831 920 1866 rarius
946 1832 1098 1873 cernuis,
1127 1834 1368 1877 praecocibus.

218 1901 253 1924 α.
287 1889 494 1932 genuina.
529 1889 660 1924 foliolis
686 1894 742 1924 sat
766 1889 903 1933 parvis,
939 1891 1050 1925 ovatis
1081 1902 1111 1925 ν.
1137 1892 1445 1936 ovato-ellipticis,
1478 1891 1706 1926 inferioribus
1733 1892 1790 1924 ob-

285 1936 392 1976 tusis,
418 1937 661 1981 superioribus
686 1936 841 1971 breviter
866 1937 997 1976 acutis,
1030 1948 1139 1981 supra
1163 1939 1456 1982 pubescentibus,
1485 1939 1609 1974 subtus
1636 1939 1791 1972 cinereo—

286 1983 435 2027 villosis,
469 1983 727 2028 eglandulosis,
764 1983 948 2027 pedicellis
981 1983 1374 2031 glanduloso-hispidis,
1409 1985 1644 2031 receptaculis
1671 1985 1791 2020 fructi-

286 2030 370 2065 feris
397 2031 628 2074 subglobosis‚
655 2029 1046 2075 glandulcso-hispidis,
1073 2033 1221 2068 erectis:

218 2088 258 2130 β.
287 2089 493 2124 resinosa
519 2089 576 2132 (R.
604 2090 761 2123 resinosa
788 2089 940 2132 Acer),
966 2089 1094 2124 foliolis
1121 2096 1176 2124 sat
1200 2090 1331 2135 parvis,
1356 2091 1466 2125 ovatis
1488 2103 1517 2126 v.
1541 2090 1791 2135 ovato-ellipti-

286 2136 347 2177 cis,
371 2135 596 2170 inferioribus
615 2136 761 2179 obtusis,
789 2135 1029 2180 superioribus
1048 2136 1204 2172 breviter
1222 2138 1347 2177 acutis,
1374 2149 1482 2181 supra
1506 2138 1790 2182 pubescentibus,

288 2182 411 2217 subtus
436 2182 746 2225 cinereo-villosis,
783 2182 891 2217 dense
921 2183 1158 2226 glandulosis,
1190 2184 1374 2229 pedicellis
1400 2183 1790 2229 glanduloso-bispidis,

289 2229 525 2275 receptaculis
550 2230 744 2264 fructiferis
771 2229 1009 2274 subglobosis,
1035 2230 1434 2276 glanduloso-hispidis,
1461 2232 1603 2266 erectis.

173 2286 213 2319 ln
244 2286 408 2331 sepibus,
442 2286 594 2322 dumetis
628 2292 663 2322 et
697 2287 823 2332 sylvis:
860 2299 896 2321 α.
922 2288 957 2322 in
982 2287 1109 2332 Pyreu.
1135 2288 1244 2333 Arag.
1278 2291 1413 2334 (versus
1440 2290 1651 2329 Castanesa,
1688 2289 1789 2324 COM-

125 2333 280 2414 Ῑ-ἶλιῗιῇἱίξ
306 2354 349 2358 -
383 2334 420 2373 β.
447 2335 485 2368 in
510 2334 641 2369 Castel.
668 2334 717 2378 (in
743 2334 872 2379 pinetis
898 2345 1009 2379 prope
1027 2335 1294 2380 Hoyoquesero5
1323 2337 1524 2380 BOURG.!).
1552 2356 1595 2360 ——
1625 2344 1657 2371 t.
1682 2335 1790 2370 Junio

172 2437 263 2472 Hab.
290 2439 363 2473 sere
388 2439 423 2473 in
451 2439 545 2473 omni
571 2438 718 2484 Europa
743 2440 932 2484 praecipue
958 2440 992 2474 in
1018 2451 1090 2484 reg.
1117 2447 1224 2476 mont.

687 2545 857 2584 Species
883 2546 1183 2585 inquirendae:

82 2621 209 2656 Rosa
235 2621 588 2656 ruscinonensis
613 2622 742 2658 GREN.
768 2629 804 2658 et
828 2622 1025 2668 DESEGI..;
1123 2626 1159 2659 in
1185 2625 1303 2659 Gallia
1328 2625 1694 2663 austro-occidentali,
1721 2625 1787 2659 for-

289 2674 384 2703 tasse
410 2668 445 2702 in
471 2668 691 2704 Catalaunia.

127 2746 171 2751 ——
222 2730 440 2760 montana
465 2727 614 2770 CHA1X3
641 2748 684 2752 —
709 2727 745 2761 in
762 2727 880 2762 Gallia
906 2729 1209 2763 austro-orientali
1232 2729 1428 2773 (Delphin.)
1454 2735 1488 2763 et
1507 2728 1695 2770 Sabaudia,
1722 2729 1790 2763 for-

288 2778 384 2808 tasse
408 2773 442 2806 in
469 2773 608 2817 alpibus
635 2774 843 2818 hispanicis.

132 2850 171 2854 —
224 2831 414 2865 Rentcri
439 2832 602 2875 GODET3
629 2852 672 2856 —
698 2832 733 2866 in
758 2832 932 2867 montibus
956 2833 1122 2878 Europae
1149 2833 1284 2867 mediae
1311 2838 1345 2866 et
1371 2838 1553 2876 septentr.,
1578 2832 1728 2867 fortasse
1754 2833 1789 2868 in

290 2878 431 2922 alpibus
458 2879 667 2923 hispanicis.

133 2955 173 2960 -
222 2936 443 2980 pomifera
469 2936 649 2972 HERRM.:
676 2956 719 2960 —
746 2936 782 2970 in
806 2935 953 2981 Europa
978 2936 1122 2981 passini,
1149 2936 1302 2972 fortasse
1331 2936 1364 2970 in
1390 2936 1576 2983 Hispania,
