1976 3314
837 144 930 188 129

70 264 187 299 —Jut
214 265 256 345 (Cv
275 266 318 309 v.)
347 265 526 308 »Higuera
543 266 715 300 chumba«
745 265 900 306 Castell.,
930 264 1082 299 »Paleca
1106 265 1276 299 chumba«
1299 264 1452 308 Valent„
1481 264 1657 308 »Figuera
1683 264 1727 299 de

69 323 208 392 molli‘ai).
235 313 332 393 diiiitla
357 364 393 393 et
417 359 600 403 subspont.
626 358 662 392 in
687 358 779 393 omni
807 368 895 393 zona
918 357 1190 393 mediterranea.

116 428 134 448 *
153 430 254 462 3224.
297 430 342 463 O.
370 431 496 463 Ficus
522 430 664 463 indica
689 428 804 462 HAW.
823 428 904 474 Syn.
930 441 964 473 p.
984 430 1061 471 191,
1088 428 1160 462 DC.
1186 428 1208 463 l.
1234 439 1262 462 e.
1290 429 1400 464 DILL.
1422 427 1464 462 H.
1484 428 1585 465 Elth.
1608 427 1632 463 f.
1652 429 1730 462 383.

27 475 166 518 (Cactus
185 474 293 509 Ficus
319 475 435 509 indica
455 475 511 520 L.)
549 476 736 510 Simillima
762 475 1002 520 praecedenti,
1029 476 1130 519 cujus
1156 475 1308 510 fortasse
1332 485 1429 509 mera
1448 476 1612 512 varietas.
1637 480 1733 509 trun-

25 521 491 603 (1ζίιέθέῧῗοῐίἓὲίῗῐῇὃῗιηίουῇε
517 522 703 567 pedalibus
729 523 949 567 compositis
974 521 1121 557 floribus
1148 522 1371 567 sulphureis
1397 522 1567 557 fructibus
1592 522 1733 565 majori-

118 625 253 660 Colitur
277 637 355 660 cum
382 626 617 670 praecedente
641 627 677 660 in
693 626 869 671 Hispania
894 627 1044 661 australi
1070 631 1105 661 et
1130 626 1296 661 orientali
1321 626 1482 661 littorali.
1510 646 1551 650 -——
1577 626 1622 669 ὴ.
1648 625 1732 660 Jun.

71 671 145 706 Jul.
170 672 216 717 (v.
242 672 286 717 v.)
339 673 520 716 »Higuera
554 674 726 708 chumba«
763 674 882 717 f.ruct
923 673 1052 717 »Higos
1079 673 1270 709 chumbos«
1300 673 1461 709 Castell
1498 673 1674 716 »Figuera
1699 678 1734 707 et

74 718 161 761 figos
188 718 232 752 de
257 730 375 754 mor<o<
404 720 515 755 Catal.

118 765 209 800 Hab.
237 772 351 810 spont.
377 767 413 800 in
439 767 604 800 America
630 765 811 800 meridion.
838 766 987 811 tropica.

117 835 135 855 *
162 836 264 869 3225.
314 837 359 869 0.
386 837 696 870 cochinillifera
729 836 846 870 MILL.
880 836 902 872 l.
936 847 982 880 c.,
1015 835 1086 870 DC.
1113 836 1133 870 l.
1160 846 1190 869 c,
1229 835 1376 880 (Cactus
1409 834 1647 869 ‹eochinillifer
1680 833 1735 878 L.,

26 881 103 916 Bot.
131 881 226 925 Mag.
252 887 276 916 t.
304 883 414 925 2741
442 881 562 925 2742.)
611 881 762 926 Erecta
788 884 892 916 4—5‘
919 883 1008 926 alta
1035 882 1194 917 articulis
1220 882 1500 925 ovato-oblongis
1527 881 1734 916 subinermi-

28 929 104 969 hus
128 927 275 963 floribus
300 929 419 973 parvis
446 929 647 972 sanguineis
674 929 726 973 (P).

119 985 253 1020 Colitur
279 986 314 1020 in
339 987 482 1030 regione
508 987 658 1022 littorali
692 987 789 1029 regni
815 986 997 1021 Valentini
1024 992 1059 1021 et
1083 986 1232 1022 Granat.
1264 988 1394 1032 (praec.
1428 988 1463 1022 in
1495 997 1581 1030 agro
1607 985 1735 1021 Valen-

71 1033 155 1077 tino
182 1033 384 1068 Motrileusi
409 1039 444 1067 et
469 1033 703 1079 Malacitano)
729 1015 774 1068 ad
800 1033 998 1068 educandos
1024 1033 1153 1068 Coccos
1178 1033 1289 1068 Cacti.
1316 1053 1355 1059 -—-
1382 1034 1427 1077 ὴ.
1456 1034 1501 1078 (ν.
1526 1045 1554 1068 v.
1580 1033 1642 1068 sed
1667 1044 1735 1068 non

71 1079 281 1132 florentem)
334 1079 503 1124 ».«N0pa1

119 1126 210 1160 Hab.
237 1127 272 1160 in
299 1127 449 1161 Mexico.

118 1184 137 1205 *
163 1186 265 1218 3226.
316 1187 360 1219 Ο.
387 1189 630 1219 tomentosa
654 1184 686 1218 S.
713 1184 804 1218 DYK
830 1184 912 1219 Obs.
939 1185 1010 1219 bot.
1040 1185 1140 1229 1822,
1167 1184 1238 1218 DC.
1265 1184 1286 1218 1.
1313 1195 1340 1218 c.
1371 1183 1512 1228 (Cactus
1537 1188 1735 1219 tomentosa

26 1229 126 1274 LK).
174 1231 318 1268 Erecta.
345 1232 506 1267 articulis
532 1232 740 1266 lanceolatis
767 1231 920 1275 undique
946 1231 1168 1275 tomentosis,
1194 1231 1327 1266 aculeis
1354 1232 1504 1266 setaceis
1531 1230 1671 1265 albidis.

121 1288 162 1322 In
181 1288 411 1324 Catalauniae
437 1290 580 1334 sepibus
605 1300 648 1324 ex
667 1289 820 1334 Opuntia
837 1290 994 1333 vulgaris
1015 1289 1219 1334 compositis
1246 1289 1327 1324 hinc
1352 1289 1433 1323 inde
1460 1289 1733 1334 subspontanea.

75 1354 120 1359 -
144 1335 189 1378 ὴ·
216 1337 261 1379 (11-
286 1336 331 1379 v.)

120 1381 211 1417 Hab.
238 1383 274 1416 in
298 1382 466 1417 America
490 1383 638 1427 tropica.

74 1451 164 1486 Sect.
190 1451 246 1485 II.
297 1451 708 1496 Grandispmosae
740 1451 811 1486 DC.
845 1451 867 1485 l.
901 1462 929 1485 c.
963 1463 995 1495 p.
1029 1452 1118 1485 472!
1168 1450 1322 1486 Articuli
1358 1450 1538 1493 subovati,
1573 1450 1737 1494 aculeati,

237 1498 370 1534 aculeis
395 1499 587 1534 minoribus
612 1499 774 1543 setaceis⁷
805 1498 999 1542 majoribus
1026 1498 1136 1533 multo
1162 1498 1376 1542 longioribus
1402 1497 1528 1532 validis
1553 1497 1737 1531 vulneran-

240 1546 346 1580 tibus.

120 1614 138 1634 *
165 1616 267 1648 3227.
317 1618 362 1650 Ο.
399 1617 520 1649 'Puna
554 1615 671 1648 MILL.
705 1614 727 1648 l.
761 1625 808 1655 c..
846 1613 917 1647 DC.
951 1613 973 1647 1.
1005 1624 1052 1653 c..
1090 1613 1201 1646 DILL.
1228 1612 1271 1646 H.
1299 1612 1398 1648 Elth.
1432 1614 1454 1646 f.
1482 1613 1551 1646 380
1589 1612 1731 1656 (Cactus

31 1658 185 1703 Opuntia
209 1673 281 1696 var.
309 1662 412 1696 Tuna
436 1661 507 1696 DC.
534 1661 581 1695 Ic.
606 1662 654 1705 pl.
681 1671 793 1704 grass.
820 1666 843 1694 t.
874 1661 939 1693 138
950 1660 1021 1703 bis).
1071 1660 1221 1701 Erecta
1247 1659 1425 1693 hominem
1450 1659 1540 1702 alta
1573 1659 1733 1694 articulis

29 1706 100 1740 late
125 1713 241 1741 (vato-
246 1708 416 1752 oblongis
442 1708 577 1743 aculeis
603 1707 777 1742 subulatis
804 1707 916 1749 longis
942 1706 1200 1747 flavicantibus
1226 1705 1373 1740 fioribus
1399 1688 1617 1740 rubentibus.

126 1765 221 1798 Inter
247 1776 348 1810 sepes
367 1766 541 1810 Opuntiae
566 1765 720 1809 vulgaiis
746 1774 855 1799 zonae
881 1764 1045 1799 littoralis
1063 1764 1231 1799 Baeticae
1257 1764 1388 1808 passim
1408 1764 1452 1807 (v.
1471 1775 1499 1797 c.
1518 1763 1738 1807 p1.Huelva,

75 1812 283 1855 Ayamonte
302 1812 473 1847 Sanlucar
491 1813 533 1846 de
547 1811 776 1848 Barrameda
788 1810 904 1854 WK).
917 1831 957 1835 —
974 1811 1016 1854 ὴ
1039 1811 1083 1855 (v.
1102 1823 1144 1853 v
1164 1810 1224 1846 sed
1243 1821 1311 1844 non
1330 1809 1397 1844 fl01
1400 1816 1527 1845 entem
1533 1814 1589 1854 )»
1576 1810 1708 1844 ».Tuna
1719 1825 1732 1841 «

123 1869 215 1903 Hab.
241 1870 275 1903 in
300 1874 420 1904 Amer.
446 1870 583 1914 tropica
610 1870 805 1913 (subspont
833 1878 971 1912 quoque
997 1869 1032 1902 in
1058 1868 1251 1912 Algarbiis⁷
1276 1868 1391 1912 WK.)

122 1938 141 1958 *
167 1939 271 1971 3228.
321 1941 365 1973 O.
393 1941 568 1972 Dillenii
594 1938 710 1972 HAW.
730 1938 862 1982 Suppl.⁷
889 1937 960 1971 DC.
986 1937 1007 1971 l.
1027 1948 1055 1971 c.
1081 1937 1224 1981 (Cactus
1242 1937 1389 1971 Dilleuii
1406 1937 1484 1972 Bot.
1503 1948 1575 1980 reg.
1601 1943 1624 1971 t.
1646 1938 1739 1981 255).

31 1985 161 2019 Similis
186 1985 426 2028 praecedenti.
452 1996 560 2029 aqua
578 1985 740 2019 articulis
766 1985 901 2027 glaucis
928 1984 1118 2028 undulatis.
1143 1984 1276 2019 aculeis
1303 1984 1509 2019 divaricatis
1535 1990 1570 2019 et
1592 1983 1739 2019 floribus

31 2031 155 2076 amplis
183 2031 493 2076 sulphureo—flavis
518 2032 685 2066 distincta
711 2038 776 2066 est.

123 2090 165 2124 In
190 2090 421 2125 Catalauniae
447 2091 590 2136 sepibus
616 2101 660 2125 ex
685 2089 841 2135 Opuntia
872 2089 1010 2132 vulgari
1042 2089 1201 2123 formatis
1235 2089 1317 2123 hinc
1351 2088 1433 2122 inde
1464 2089 1738 2133 subspontanea.

78 2156 121 2161 ——
147 2137 192 2180 ἢ.
218 2138 266 2181 (n.
292 2139 336 2180 v.)

123 2194 303 2229 Observ.
352 2195 393 2228 In
423 2195 537 2229 hortis
563 2195 760 2239 Hispaniae
786 2194 966 2236 australis,
994 2194 1092 2237 regni
1119 2193 1300 2227 Valentini
1325 2198 1360 2227 et
1386 2193 1618 2227 Catalauniae
1644 2193 1738 2228 litto-

77 2241 162 2276 ralis
186 2243 304 2276 variae
327 2242 472 2282 Cerei,
498 2242 804 2276 Echinocacti
829 2247 863 2275 et
889 2241 1201 2275 Mamillariae
1227 2240 1366 2284 species
1385 2240 1560 2285 coluntur,
1586 2251 1737 2283 quarum

77 2289 265 2322 nonnullae
290 2289 372 2322 hinc
400 2289 481 2323 inde
505 2300 548 2323 ex
567 2289 677 2324 hortis
696 2289 840 2333 elapsae
860 2294 894 2322 et
920 2288 1205 2332 subspontaneae
1230 2287 1347 2321 factae
1366 2292 1457 2331 sunt,
1483 2299 1512 2321 v.
1532 2298 1560 2323 c.
1580 2287 1740 2321 Cereus

78 2335 469 2378 quadrangularis
506 2335 621 2370 HAW.
658 2342 693 2370 et
732 2335 769 2369 C.
802 2334 1160 2377 flagelliformis
1193 2334 1310 2368 MILL.
1348 2334 1386 2368 in
1418 2333 1530 2368 muris
1564 2334 1738 2377 tectisque

78 2382 154 2424 agri
182 2383 402 2416 Malacitani.

354 2551 528 2594 XXII.
602 2550 755 2595 Ordo
796 2547 1417 2594 SUCOULENTARUM.

489 2677 599 2721 Fam.
642 2679 749 2721 102.
822 2676 1122 2721 FICOIDEAE
1159 2669 1288 2720 DQ*

150 2787 309 2827 Plantae
343 2787 617 2826 frutescentes
660 2792 726 2826 aut
767 2786 1013 2836 herbaceae,
1054 2785 1160 2824 foliis
1204 2784 1401 2836 oppositis
1441 2793 1532 2821 raro
1571 2782 1739 2822 alternis

39 2843 282 2896 simplicibus
306 2846 489 2885 carnosis
513 2844 780 2896 exstipulatis.
827 2844 967 2883 Flores
1001 2844 1154 2896 cymosi
1188 2847 1254 2882 aut
1286 2841 1469 2888 solitarii,
1504 2840 1738 2879 terminales

39 2903 165 2942 rarius
199 2903 403 2943 axillareS.
453 2903 594 2954 Sepala
628 2900 742 2941 4-8
773 2903 954 2954 (saepius
990 2900 1031 2952 5)
1064 2906 1153 2939 toro
1186 2911 1284 2938 cavo
1307 2899 1487 2937 ovarium
1520 2898 1740 2937 includenli

89 3027 104 3042 *
125 3027 254 3053 Auctore
275 3029 468 3053 WittxoMM.

106 3079 193 3103 Flora
212 3081 373 3111 hispanica.
416 3081 474 3105 111.
586 3077 588 3079 ’
1442 3070 1463 3102 9
