1976 3314
1023 175 1117 220 946

237 310 341 346 super
365 299 520 344 carpella
544 297 645 332 dente
670 297 815 333 basilari
839 301 874 331 et
899 295 1093 339 subapicali
1118 294 1316 340 conspicuis
1340 307 1371 331 v.
1399 297 1586 343 subnullis,
1619 301 1733 333 rostro
1765 302 1860 332 recto
1885 291 1915 334 v.

237 349 459 391 subcurvato,
491 344 729 388 magnitudine
753 349 789 379 et
813 342 1072 378 tuberculorum
1099 342 1292 386 (rugarum)
1317 342 1519 380 elevatione.

330 405 369 438 In
394 403 505 446 agris,
534 402 683 437 collibus
709 402 832 443 siccis,
867 400 1028 445 pascuis,
1053 399 1163 434 vineis
1188 400 1341 443 regionis
1364 400 1518 436 inferior.
1544 407 1580 437 et
1603 401 1820 437 submontan.
1846 402 1918 437 Na-

283 461 403 486 varrae
438 451 503 495 (pr,
531 449 676 492 Tudela,
712 449 840 491 ΒΗΚ),
874 447 1102 482 Catalauniae
1125 445 1186 492 (ad
1220 447 1364 482 Castillo
1395 446 1437 481 de
1461 447 1602 492 Lerida‚
1628 449 1754 493 CSTA.,
1787 448 1919 494 Campo

283 498 325 532 de
351 497 573 540 Tarragona,
607 496 748 540 WBB.),
782 495 981 538 Aragoniae
1013 493 1060 538 (in
1093 503 1177 536 agro
1203 493 1437 537 Saragossano
1462 495 1588 530 abund.
1622 501 1657 531 et
1690 507 1718 532 e.
1751 495 1916 540 Alcafiiz,

281 546 397 589 ASSO,
422 555 475 589 pr.
494 543 659 583 Fuentes,
686 543 794 587 ECH.,
819 553 846 576 c.
865 540 1064 581 Castellote,
1089 540 1277 584 Calaceite,
1302 540 1531 584 Castelseras,
1567 542 1756 587 Chiprana,
1781 542 1915 577 Losa!

281 597 316 626 et
349 592 384 624 in
417 591 509 625 omni
534 590 662 625 ditione
688 589 910 631 Tierra-baja
933 587 1064 631 frequ,
1094 587 1130 620 in
1155 592 1256 631 parte
1281 587 1446 622 inferiore
1471 588 1527 622 del
1552 588 1771 633 Maestrazgo
1796 590 1919 633 rarior,

280 638 394 673 LOSO.
419 637 578 681 PARD.),
613 636 788 671 Castellae
813 635 931 669 Novae
957 635 998 677 (e.
1026 633 1184 673 Madrid.
1224 634 1418 678 Aranjuez,
1455 635 1595 670 BOUT.!
1632 635 1772 680 COLM.,
1808 636 1917 671 CUT.!

279 685 389 725 AMO,
415 684 531 725 LGE.,
557 683 822 728 Cienpozuelos,
857 681 988 726 LGE.),
1013 681 1113 724 regni
1136 681 1250 716 Mure.
1275 682 1344 726 (pr.
1370 681 1527 722 Murcia,
1552 681 1683 717 GUIR.!
1710 683 1918 726 Cartagena,

279 731 482 775 BOURG.!),
516 731 631 764 Jienn.
664 735 698 764 et
722 729 868 764 Granat.
903 728 1045 772 (Puerto
1078 727 1120 762 de
1151 728 1187 762 la
1211 728 1440 772 Inquisicion,
1472 728 1588 763 Venta
1611 728 1730 764 delas
1763 730 1919 765 infantas

282 778 406 823 [forma
438 777 513 812 flor.
546 775 741 821 coccineo],
776 775 891 819 LGE.,
922 786 974 819 pr.
1009 774 1193 816 Granada,
1218 776 1329 817 AMO,
1354 775 1515 819 Malaga,
1549 774 1691 811 Hans!
1726 775 1853 821 WBB.)
1884 781 1921 811 et

279 825 444 860 Baeticae
476 825 546 868 (pr.
570 824 699 858 Puerto
725 822 766 857 de
793 821 864 857 Sta.
889 822 1024 866 Maria,
1059 821 1231 863 BOURG.‚
1265 823 1356 856 inter
1388 822 1494 857 Jerez
1527 827 1563 858 et
1595 822 1713 857 Sierra
1743 822 1786 857 de
1815 823 1921 858 Jerez

279 872 415 917 abund,
442 871 542 916 WK.,
567 881 596 905 c.
621 870 743 916 Jerez,
767 869 966 912 FRITZEU.
992 888 1035 893 —
1065 872 1117 911 Ε).
1143 868 1378 904 Febr.—Jun.
1405 871 1448 912 (v.
1473 869 1529 912 v.).
1580 869 1820 904 »Reniculos«

324 930 415 964 Hah.
449 940 584 974 quoque
616 929 650 963 in
685 928 856 967 Lusitan.,
894 927 1042 972 Balear,
1082 927 1190 973 Cors.,
1227 927 1374 969 Sardin,
1409 927 1515 973 Sicil.,
1553 927 1689 974 Graec„
1725 927 1920 975 Zacyntho,

281 977 409 1023 Cypro,
434 977 521 1012 Asia
545 976 639 1020 min,
665 975 776 1021 Syria,
802 975 912 1020 Pers,
936 974 1035 1020 Aega,
1060 974 1183 1009 Africa
1208 975 1292 1020 bor.,
1319 975 1490 1011 Canariis.

281 1100 369 1136 Sect.
397 1100 453 1135 II.
504 1098 739 1143 Gonsiliyo
764 1098 834 1133 DC.
860 1098 882 1133 l.
909 1110 936 1134 c.
963 1110 997 1143 p.
1015 1099 1098 1133 224!
1125 1099 1307 1133 Antherae
1331 1097 1454 1133 flavae.
1497 1097 1738 1143 Carpellorum
1763 1103 1918 1134 rostrum

496 1146 908 1180 nucinam-recurvatum.
957 1145 1098 1190 Species
1123 1156 1306 1191 perennes,
1333 1144 1580 1190 grandifiorae.

329 1229 431 1262 5020.
479 1229 528 1260 A.
554 1228 738 1260 vernalis
763 1226 803 1261 L.
831 1226 913 1260 Cod.
939 1237 971 1260 n.
990 1227 1097 1261 4057!
1123 1226 1193 1260 DC.
1219 1226 1242 1260 l.
1267 1237 1307 1270 c.,
1332 1226 1402 1260 GR.
1429 1225 1558 1260 GODR.
1584 1225 1606 1259 l.
1633 1236 1662 1260 c.
1687 1236 1721 1269 p.
1738 1225 1796 1259 16!
1823 1223 1916 1259 AMO

234 1275 257 1310 l.
282 1284 310 1309 c.
335 1287 369 1319 p.
390 1274 474 1308 698!
514 1273 637 1307 RCHB.
665 1274 708 1307 Ic.
735 1273 756 1307 l.
783 1284 810 1308 c.
837 1273 860 1308 f.
886 1274 992 1308 4622!
1032 1273 1323 1318 (Buphthalmum
1349 1272 1530 1307 Dodonaei
1561 1271 1675 1306 CLUS.
1700 1271 1792 1306 Hist.
1819 1270 1869 1316 pl.
1892 1270 1920 1316 Ι,

231 1334 265 1367 p.
299 1323 378 1363 333,
412 1321 434 1354 f.
464 1322 500 1355 1!
528 1320 713 1355 Elleborus
738 1320 934 1354 ferulaceus
960 1319 1097 1354 Lobelii
1123 1325 1187 1354 etc.
1213 1320 1341 1354 BARR.
1368 1320 1416 1353 Ic.
1442 1332 1474 1354 n.
1494 1320 1625 1359 11781).
1674 1317 1918 1361 Glabrescens,

231 1368 389 1404 caulibus
420 1367 558 1411 erectis,
595 1366 755 1409 ramosis,
794 1367 940 1408 striatis,
970 1366 1103 1401 inferne
1135 1366 1235 1400 nudis
1267 1366 1458 1410 squamatis
1491 1376 1640 1410 superne
1673 1365 1819 1409 foliosis,
1855 1365 1918 1399 sub

231 1414 371 1450 anthesi
403 1415 516 1448 3—9¹‘
534 1413 570 1458 1.,
609 1413 799 1449 fructiferis
837 1414 1032 1457 6-12”1.;
1068 1413 1161 1448 foliis
1198 1413 1408 1448 basilaribus
1450 1412 1773 1456 squamiformffius,
1814 1421 1921 1456 saepe

231 1461 441 1501 imbricatis,
477 1461 605 1496 ceteris
636 1461 806 1505 pinnatim
831 1460 1105 1504 multi-partitis,
1139 1459 1272 1495 laciniis
1296 1460 1448 1504 anguste
1483 1460 1675 1494 linearibus
1708 1458 1823 1502 longis
1847 1469 1920 1492 mu-

232 1508 404 1552 cronatis3
431 1506 577 1542 floribus
602 1507 781 1552 speciosis,
809 1506 1012 1552 1¹s2—2¹J2⁴¹
1038 1507 1143 1541 diam.
1170 1507 1269 1551 latis,
1301 1507 1431 1551 sepalis
1457 1506 1590 1541 corolla
1615 1505 1757 1540 dimidio
1783 1504 1918 1540 brevio-

232 1557 345 1598 ribus,
379 1554 451 1589 late
477 1554 652 1599 obovatis,
686 1554 975 1598 pubescentibus,
1001 1553 1129 1598 petalis
1158 1555 1294 1587 10--12
1318 1553 1543 1599 patentibus,
1575 1553 1731 1588 ovalibus
1755 1564 1784 1587 v.
1811 1551 1919 1587 ovali-

234 1602 408 1646 oblongis,
433 1601 533 1646 apice
558 1601 918 1645 eroso-denticulatis,
944 1599 1061 1641 flavis;
1097 1600 1262 1645 carpellis
1287 1601 1322 1634 in
1356 1600 1490 1645 spicam
1514 1599 1693 1634 ovoideam
1720 1599 1876 1644 ¹s2—3l4¹¹
1895 1599 1918 1633 l.

231 1649 416 1694 congestis,
440 1648 821 1690 ventricoso-obovatis,
847 1648 924 1682 basi
950 1647 1020 1682 late
1038 1647 1157 1693 alatis,
1182 1657 1305 1692 parum
1331 1647 1480 1692 rugosis,
1506 1646 1611 1682 dense
1636 1646 1919 1691 pubescentibus,

190 1693 196 1702 “
231 1698 345 1733 rostro
369 1696 476 1730 brevi.

371 1757 408 1798 β.
440 1753 631 1788 Granate
645 1754 736 1789 usis
761 1752 942 1787 UECHTR.
967 1763 1022 1797 ap.
1041 1752 1201 1787 WINKL.
1226 1752 1274 1797 pl.
1292 1752 1392 1796 Hisp.
1412 1754 1505 1786 exs.!
1532 1751 1703 1792 serotina,
1728 1750 1918 1795 aestivalis,

439 1801 577 1835 laciniis
601 1800 762 1835 foliorum
787 1800 1001 1835 brevioribus
1025 1799 1298 1844 latioribusque,
1323 1798 1746 1842 lanceolam-linearibus,
1771 1796 1919 1832 floribus

440 1847 667 1892 l¹s2¹‘diam.‚
701 1846 828 1891 petalis
862 1846 1069 1881 lanceolatis
1100 1847 1214 1881 minus
1240 1846 1410 1890 dentatis,
1445 1845 1608 1889 carpellis
1634 1845 1847 1889 majoribus,
1881 1844 1916 1878 in

440 1894 630 1939 capitulam
656 1893 904 1937 subglobosam
929 1893 1116 1936 congestis.
1164 1893 1220 1927 An
1247 1893 1381 1937 species
1407 1892 1598 1928 distincta?

324 1951 366 1986 In
398 1951 471 1987 solo
505 1951 664 1986 calcareo
699 1961 824 1986 saxoso
857 1951 976 1995 aprico
1009 1950 1161 1994 regionis
1194 1955 1348 1986 montan.
1373 1950 1456 1984 hinc
1488 1949 1587 1984 inde:
1620 1948 1656 1982 in
1685 1960 1781 1994 prov.
1806 1948 1920 1983 Alava

279 1998 348 2043 (pr.
374 1998 520 2043 Vitoria,
545 1996 826 2042 DOEUDONN133),
853 1998 945 2032 Cast.
970 1997 1070 2033 Nova
1094 1997 1215 2042 (Pinar
1241 1997 1283 2032 de
1308 1997 1512 2038 Provencio,
1539 1996 1653 2039 CAV.,
1686 1995 1852 2030 Serrania
1875 1994 1918 2029 de

280 2045 428 2087 Cuenca,
454 2045 578 2089 QUER,
604 2045 725 2089 PAL.),
751 2056 857 2089 regno
883 2044 1028 2080 Granat.
1056 2045 1191 2088 (Sierra
1216 2043 1258 2079 de
1276 2044 1432 2089 Alfacar,
1457 2043 1603 2087 LGE.!);
1630 2062 1673 2067 —
1692 2046 1728 2085 β.
1746 2043 1784 2076 in
1800 2041 1919 2077 Sierra

278 2092 320 2127 de
345 2092 490 2127 Alfacar
514 2103 591 2127 cum
615 2098 699 2137 typo
724 2092 937 2137 (KALISCH!
964 2091 1166 2136 WINKL.!).
1194 2111 1237 2116 ω
1266 2099 1300 2131 22.
1326 2091 1426 2137 Apr.,
1451 2091 1569 2135 Majo,
1594 2089 1634 2131 β,
1661 2089 1767 2124 Junio
1793 2090 1838 2134 (v.
1865 2089 1918 2133 s.).

324 2151 414 2186 Hab.
441 2163 475 2185 a.
499 2150 536 2184 in
561 2149 663 2196 GalL,
688 2150 861 2195 Scandin.,
886 2149 1034 2195 Europa
1058 2149 1161 2194 med,
1186 2148 1269 2184 Ital.
1285 2159 1413 2194 super„
1438 2148 1542 2184 Ross.
1566 2148 1723 2194 australi,
1749 2146 1918 2182 Caucaso.

326 2238 427 2273 5021.
475 2240 523 2272 A.
549 2239 781 2278 Pyrenaiea
806 2237 876 2271 DC.
903 2237 957 2271 Fl.
984 2236 1044 2271 Fr.
1069 2236 1112 2281 V,
1143 2248 1177 2281 p.
1197 2237 1281 2271 635!
1314 2234 1385 2270 GR.
1410 2235 1538 2270 GODR.
1564 2234 1586 2269 l.
1612 2245 1641 2269 c.
1666 2246 1700 2279 p.
1728 2234 1788 2269 17!
1824 2233 1917 2268 AMO

234 2283 256 2318 l.
282 2294 310 2319 c.
335 2296 369 2329 p.
396 2285 478 2319 698!
506 2284 674 2319 DELESS.
701 2284 748 2319 Ic.
774 2284 835 2319 sel.
860 2290 885 2320 t.
911 2286 972 2319 21!
1006 2284 1237 2319 Praecedenti
1263 2283 1404 2327 similis,
1439 2282 1500 2317 sed
1536 2281 1639 2316 facile
1671 2280 1918 2324 distinguenda

235 2330 328 2366 foliis
354 2331 564 2367 basilaribus
590 2331 730 2365 minime
756 2330 1063 2375 squamiformibus
1088 2330 1149 2366 sed
1173 2341 1251 2366 cum
1274 2330 1401 2365 ceteris
1418 2329 1663 2372 conformibus,
1688 2328 1791 2372 longe
1807 2327 1918 2376 petio*-

237 2377 332 2419 latis,
357 2378 516 2413 omnibus
547 2378 1068 2423 3-4-ternato-deeompositis.
1092 2378 1228 2412 laciniis
1250 2376 1666 2418 lanceolam-linearibus,
1692 2375 1822 2420 sepalis
1848 2374 1920 2418 gla-

235 2425 326 2469 bris,
360 2425 490 2470 petalis
525 2427 670 2470 10—15,
702 2425 859 2460 obovatis
885 2426 1017 2461 obtusis
1043 2424 1362 2469 subintegerrimis,
1393 2423 1559 2468 carpellis
1584 2423 1692 2457 multo
1716 2421 1920 2466 majoribus,

234 2482 300 2506 non
326 2472 543 2517 ventricosis,
566 2482 673 2516 parce
697 2472 895 2517 puberulis,
920 2473 997 2507 basi
1021 2472 1230 2517 compressis
1257 2470 1319 2506 sed
1344 2481 1411 2505 non
1435 2471 1557 2514 alatis,
1583 2476 1697 2505 rostro
1721 2469 1824 2512 longo
1847 2468 1918 2502 exi-

234 2519 302 2553 mie
319 2524 510 2554 recurvato.
527 2539 567 2543 —
583 2518 693 2554 Parce
709 2519 915 2564 pubescens,
934 2525 1070 2554 statura
1087 2518 1342 2564 praecedentis,
1360 2516 1505 2553 floribus
1522 2516 1621 2552 flavis
1642 2517 1798 2561 1¹s2—2⁴¹
1813 2515 1917 2550 diam.

327 2577 367 2610 In
391 2577 537 2612 vallibus
562 2577 768 2622 pascuisque
793 2578 945 2622 regionis
970 2583 1122 2613 montan.
1140 2578 1402 2622 Pyrenaeorum
1423 2575 1650 2610 Catalauniae
1668 2580 1703 2610 et
1719 2573 1918 2616 Aragoniae

282 2624 589 2705 Ρεῑεείωὖῶοιὲῗὶ
607 2636 661 2715 p&
678 2625 880 2717 Cestanesa,
906 2626 1072 2670 BENTH.,
1097 2625 1232 2670 ZETT.,
1256 2624 1320 2659 int.
1338 2623 1482 2658 Bassive
1499 2628 1534 2658 et
1551 2622 1754 2666 Castanesa,
1773 2619 1917 2663 TIMB.).

283 2690 320 2696 —
351 2679 385 2711 21.
437 2683 503 2714 un.,
593 2698 600 2705 .
665 2699 671 2705 .
720 2700 725 2707 .
746 2699 752 2706 .

327 2728 417 2763 Hab.
443 2730 477 2764 in
501 2729 693 2775 Pyrenaeis
719 2730 879 2766 oriental.
906 2735 941 2766 et
964 2729 1191 2765 centralibus.

356 2841 472 2882 MVII.
532 2841 783 2883 ANEMONE
813 2843 854 2885 L.
887 2843 985 2883 Gen.
1018 2843 1071 2896 pl.
1104 2856 1141 2883 n.
1173 2839 1270 2884 694.
1333 2840 1457 2895 Calyx
1489 2838 1731 2889 corollinus‚
1765 2836 1913 2894 sepalis

241 2892 596 2940 4—20-deciduis.
659 2901 813 2941 Corolla
857 2902 977 2941 nulla.
1017 2901 1216 2940 *Stamina
1268 2900 1416 2952 sepalis
1458 2899 1673 2950 breviora,
1708 2900 1911 2939 exteriora

241 2953 434 2994 interdum
467 2957 504 2995 in
538 2958 746 3010 glandulas
770 2960 966 3012 stipitatas
990 2964 1149 2999 mutata.
1193 2957 1376 3010 Can-pella
1407 2968 1636 3007 numerosa,
1672 2956 1911 3010 gynophoro

240 3009 559 3064 hemisphaerico
593 3021 657 3055 aut
690 3018 829 3057 conico
863 3018 1040 3068 inserta,
1085 3017 1125 3055 in
1157 3016 1368 3068 capitulum
1403 3020 1619 3067 congesta,
1665 3026 1909 3067 compressa,

242 3080 321 3109 non
353 3082 502 3124 rugosa
532 3084 607 3112 nec
638 3073 796 3114 dentata
828 3087 959 3127 neque
992 3074 1107 3126 alata,
1140 3086 1261 3126 saepe
1295 3072 1399 3126 stylo
1431 3073 1469 3112 in
1502 3071 1667 3112 caudam
1691 3073 1911 3126 plumosam
