1976 3314
900 161 995 206 649

307 282 451 326 diffusa,
492 281 711 327 pubescens,
752 281 886 327 calycis
910 281 1028 316 nervis
1053 280 1208 316 breviter
1231 279 1374 324 pilosis,
1415 278 1630 322 genitalibus
1655 278 1805 315 exsertis

308 329 356 375 (S.
383 328 549 364 littoralis
575 329 700 364 PLAN.
726 329 755 363 F
759 328 782 363 l.
809 328 902 364 Gall.
928 340 962 373 p.
992 329 1075 363 123!
1102 338 1171 363 non
1195 327 1350 362 POURR.
1376 336 1451 363 nec.
1475 325 1626 369 JORD.).

192 387 232 421 In
270 387 428 422 arenosis
467 386 620 430 regionis
658 387 836 432 inferior.,
873 387 1061 432 praecipue
1096 385 1278 420 littoralis:
1317 384 1353 418 in
1378 383 1512 418 Gallec.
1539 383 1606 427 (pr.
1631 383 1746 418 Cobas
1771 388 1807 418 et

145 434 379 474 Pontevedra,
404 433 514 477 LGE.‚
533 434 686 479 TEXID.,
713 434 859 479 Orense,
878 433 1084 476 WINKL.!),
1110 432 1232 467 Astur.
1251 431 1310 477 (ad
1330 431 1468 474 Gangas
1485 430 1527 464 de
1546 430 1668 473 Tineo,
1695 430 1807 472 DUR.‚

145 492 199 525 pr.
228 481 341 523 Coria,
366 481 570 525 BOURG.!),
595 492 701 525 regno
727 481 876 525 Legion.
901 479 959 525 (ad
983 479 1203 515 villafranca
1228 478 1284 513 del
1301 478 1441 521 Vierzo,
1466 477 1578 523 LGE.‚
1601 476 1808 521 Piedrafita,

146 527 314 572 TEXID.),
341 527 487 562 Cantab.
509 529 576 573 (pr.
595 528 803 573 Santander,
828 527 953 570 LGE.),
979 527 1073 562 Cast.
1092 526 1229 571 (Sierra
1248 525 1291 561 de
1308 524 1563 568 Guadarrama,
1582 524 1686 566 CUT.,
1704 524 1808 567 ΑΜΟ,

146 574 259 619 LGE.,
284 586 338 620 pr.
357 574 389 609 el
406 574 582 619 Escorial,
608 575 717 619 LGE.,
743 574 959 619 Chamartin,
984 573 1098 614 ΕΑΘ,
1122 573 1290 618 BOURG.,
1317 571 1476 616 GRLLS.,
1493 571 1650 616 PARDO,
1669 571 1704 606 in
1722 581 1806 614 agro

145 620 302 666 Madrit.,
328 621 438 663 DUF.,
465 621 572 667 CUT.,
598 622 719 666 AMO),
745 621 952 657 Extremad.
979 621 1049 666 (pr.
1075 620 1273 666 Plasencia,
1298 619 1505 663 BOURG.!),
1531 629 1639 662 regno
1665 618 1809 653 Valent.

145 668 214 713 (pr.
241 669 363 703 urbem
381 668 568 712 Valencia,
592 669 713 704 LAG.!
740 670 773 703 in
800 669 859 704 hb.
884 668 1035 713 BOUT.),
1060 667 1208 702 Granat.
1233 667 1280 711 (c.
1298 666 1442 710 Monda,
1469 665 1662 710 Estepona,
1687 665 1722 699 S.
1740 665 1810 699 Ro-

143 725 223 759 que,
247 715 345 760 BSS.,
371 716 519 760 Malaga
537 716 663 762 frequ.,
693 715 816 761 WBB.,
843 715 944 758 WK.,
971 715 1016 751 ad
1034 715 1214 750 vinearum
1231 714 1411 757 margines
1428 714 1520 748 inter
1537 711 1810 755 Velez-Malaga

144 767 181 797 et
206 761 362 797 Canillas
389 763 433 797 de
458 764 643 809 Aceytuno
668 768 774 807 atque
799 763 844 798 ad
869 762 977 797 radic.
1003 761 1143 797 Sierrae
1169 761 1326 806 Tejedae
1348 761 1411 795 int.
1427 760 1583 794 Canillas
1608 765 1643 794 et
1668 759 1809 793 Salares

146 809 300 854 copiose,
330 809 429 854 WK.,
455 821 484 844 c.
511 810 668 853 Malaga,
696 811 819 849 Alora.
846 810 1055 853 FRITZEl),
1081 808 1272 844 Gibraltar.
1298 807 1522 853 (SCHOTT.);
1548 827 1592 832 —
1621 806 1658 848 β.
1685 805 1729 841 ad
1754 805 1810 840 lit-

143 860 223 891 tora
246 855 428 892 Galleciae
455 857 523 902 (pr.
548 856 781 902 Pontevedra,
806 857 952 892 PLAN.!
980 856 1105 901 Cobas,
1131 855 1274 899 LGE.!).
1301 875 1345 879 —
1372 859 1422 897 Θ.
1449 855 1550 900 Apr.,
1575 853 1674 898 Majo
1692 853 1735 897 (v.
1753 853 1810 896 v.).

190 913 283 949 Hab.
310 925 447 959 quoque
473 916 508 949 in
531 914 694 950 Lusitau.
720 920 826 960 atque
851 914 1053 950 introducta
1077 915 1114 949 in
1138 913 1342 949 Germania.

192 995 296 1030 4379.
347 997 386 1030 S.
413 998 660 1038 vespertina
692 995 816 1032 RETZ.
854 995 936 1031 Obs.
977 996 1047 1030 bot.
1085 994 1163 1038 ΙΙΙ,
1199 1006 1234 1039 p.
1261 996 1329 1035 31,
1367 993 1456 1029 SEB.
1482 993 1599 1029 Maur.
1624 992 1679 1027 Fl.
1705 992 1808 1027 Rom.

99 1053 135 1086 p.
161 1043 244 1077 151!
294 1041 454 1077 ROHRB.
479 1043 501 1077 l.
526 1054 555 1078 c.
582 1055 616 1088 p.
641 1044 703 1078 95!
754 1044 801 1088 (S.
828 1043 967 1078 hirsuta
990 1043 1104 1078 POOE.
1131 1041 1220 1086 Voy.
1244 1041 1350 1076 Barb.
1375 1041 1423 1083 II,
1448 1052 1481 1085 p.
1511 1041 1576 1074 163
1601 1051 1670 1075 non
1694 1039 1809 1084 LAG.;

98 1088 132 1123 S.
158 1088 303 1134 hispida
326 1089 448 1124 DESF.
473 1089 529 1126 Fl.
556 1089 630 1126 Atl.
656 1089 684 1133 Ι,
709 1101 742 1134 p.
769 1091 854 1125 348!
904 1089 1041 1124 Morus
1066 1088 1122 1123 Fl.
1147 1087 1248 1123 Sard.
1274 1088 1301 1131 Ι,
1328 1100 1362 1133 p.
1389 1089 1469 1132 257,
1494 1091 1521 1122 t.
1549 1087 1607 1122 19!
1644 1086 1732 1120 WK.
1758 1086 1810 1121 Ic.

102 1136 124 1170 l.
149 1147 178 1171 c.
203 1148 237 1180 p.
262 1138 330 1181 44,
355 1142 381 1172 t.
407 1138 463 1181 29,
489 1138 540 1180 A;
583 1138 677 1172 AMO
702 1137 726 1171 1.
752 1148 781 1172 c.
808 1149 842 1181 p.
868 1138 953 1171 2051
1003 1136 1037 1172 S.
1063 1135 1303 1171 sabuletorum
1329 1134 1428 1170 DUB.
1456 1145 1524 1169 non
1550 1133 1646 1178 LK).
1695 1132 1812 1177 Major

99 1187 135 1217 et
158 1183 336 1218 robustior
361 1194 466 1228 quam
491 1183 719 1229 praecedens,
745 1184 846 1218 caule
871 1188 989 1219 erecto
1007 1182 1399 1228 hispido-pubescente3
1425 1181 1519 1216 foliis
1536 1180 1812 1226 pubescentibus

100 1241 130 1264 v.
155 1230 306 1266 hirsutis
321 1259 329 1275 ,
353 1231 580 1266 inferioribus
607 1231 825 1276 spathulatis
851 1230 928 1266 basi
953 1234 1138 1265 attenuata
1163 1229 1309 1274 ciliatis,
1336 1229 1579 1274 superioribus
1604 1227 1814 1263 lanceolatis

99 1277 231 1322 acutis3
270 1278 439 1313 cincinnis
476 1278 665 1322 geminatis
701 1277 902 1313 densifloris
935 1287 1014 1312 cum
1038 1276 1126 1312 flore
1151 1276 1187 1310 in
1212 1276 1446 1321 dichotomia,
1483 1274 1632 1310 floribus
1659 1274 1813 1310 breviter

99 1324 323 1369 pedicellatis
347 1324 493 1370 patulis,
516 1325 674 1360 bracteis
700 1323 1111 1360 lanceolam-linearibus
1136 1323 1343 1369 herbaceis;
1369 1324 1490 1369 calyce
1517 1323 1592 1358 sub.
1618 1322 1715 1357 anth.
1740 1321 1811 1356 cla-

100 1371 376 1417 vato-tubuloso,
403 1371 584 1407 fructifero
609 1371 765 1418 ovoideo,
790 1372 891 1416 apice
917 1377 952 1406 et
965 1371 1058 1407 infra
1075 1370 1260 1416 capsulam
1277 1371 1480 1415 constricto,
1506 1370 1640 1413 evenio,
1664 1369 1710 1404 ad
1736 1378 1814 1403 ner-

100 1428 161 1454 vos
185 1418 268 1463 pilis
293 1418 407 1462 longis
432 1419 651 1454 brevioribus
676 1418 895 1462 glandulosis
921 1418 1137 1454 intermixtis
1162 1418 1319 1462 hirsuto;
1345 1417 1569 1462 anthophoro
1595 1415 1813 1461 stipitiformi

101 1464 254 1500 medium
279 1466 438 1512 calycem
461 1471 653 1511 aequante,
679 1466 844 1502 dentibus
869 1466 1076 1501 lanceolatis
1101 1465 1427 1509 albo-marginatis,
1464 1464 1665 1509 petalorum
1690 1462 1813 1506 ungui-

100 1513 166 1548 bus
189 1512 346 1558 inclusis,
371 1512 481 1549 limbo
507 1518 543 1549 et
567 1524 696 1549 corona
720 1513 835 1557 figura
861 1518 896 1548 et
922 1513 1039 1548 colore
1066 1512 1098 1547 S.
1124 1512 1304 1558 hirsutae,
1333 1511 1480 1557 capsula
1504 1511 1644 1546 inclusa
1667 1509 1814 1546 ovoidea

100 1559 207 1594 dense
232 1561 460 1605 pubescente,
485 1560 679 1596 seminibus
704 1566 743 1595 ut
766 1561 801 1595 in
825 1560 944 1604 specie
968 1559 1216 1605 praecedente.

195 1618 294 1653 Inter
318 1624 469 1664 segetes,
494 1618 540 1653 ad
564 1629 730 1663 agrorum
756 1618 933 1662 margines
958 1618 1037 1662 agri
1062 1616 1243 1654 Valentini
1264 1616 1370 1661 juxta
1393 1615 1474 1652 fluv.
1501 1615 1611 1651 Turia
1645 1615 1814 1660 (POURR.

150 1665 209 1700 hb.
234 1670 325 1700 teste
351 1666 470 1710 AMO).
500 1686 541 1690 —
571 1669 624 1708 Q).
649 1665 758 1711 Majo,
785 1664 892 1700 Junio
919 1665 964 1709 (n.
991 1664 1051 1710 V.).

197 1721 289 1757 Hab.
315 1722 351 1756 in
374 1722 586 1757 Balearibus
613 1721 775 1765 (RODR.!
801 1721 1050 1766 BARCELol),
1076 1720 1233 1766 sardin„
1259 1721 1392 1765 Ligur.,
1417 1719 1498 1756 Ital.
1524 1719 1615 1755 med.
1640 1724 1676 1755 et
1700 1718 1815 1763 insen,

151 1768 259 1813 Sicil.,
284 1769 402 1815 Istria,
427 1769 494 1804 ins.
519 1769 716 1815 Zacyntho,
741 1769 879 1815 Graec„
904 1769 1021 1814 Creta,
1046 1768 1203 1812 Algeria.

247 1850 280 1885 b.
306 1849 448 1885 Semina
474 1851 691 1896 reniformia⁷
715 1849 875 1886 faciebus
901 1850 1020 1895 plana,
1046 1848 1152 1885 dorso
1176 1849 1258 1894 plus
1282 1848 1397 1884 minus
1423 1849 1549 1884 obtuse
1567 1847 1815 1884 canaliculata.

196 1933 299 1967 4380.
350 1935 387 1967 S.
413 1934 689 1975 micropetala
726 1932 827 1967 LAG.
865 1931 953 1967 Gen.
991 1937 1027 1967 et
1059 1943 1112 1976 sp.
1138 1943 1171 1966 n.
1199 1933 1285 1966 1901
1325 1942 1395 1965 non
1420 1930 1516 1975 DC.,
1553 1930 1712 1966 ROHRB.
1737 1930 1760 1965 l.
1786 1940 1816 1964 c.

102 1991 136 2024 p.
164 1981 249 2014 1061
278 1979 326 2024 (S.
354 1979 554 2014 micrantha
580 1979 652 2014 LK.
677 1980 715 2014 in
740 1980 841 2015 herb.
867 1979 1040 2014 CAVAN.!
1068 1979 1102 2015 S.
1130 1978 1259 2014 vestita
1283 1978 1374 2013 SOY.
1401 1978 1526 2012 WILL.
1552 1978 1675 2022 Alger.
1701 1989 1734 2022 p.
1761 1978 1816 2020 20,

105 2025 242 2071 Exped.
269 2026 391 2062 scient.
416 2027 538 2070 Alger.
564 2032 589 2062 t.
615 2028 671 2070 81,
697 2026 720 2061 f.
747 2028 787 2062 21
827 2026 984 2062 BOURG.
1012 2027 1059 2071 pl.
1089 2037 1164 2061 exs.
1190 2037 1222 2062 n.
1251 2027 1359 2061 1792!
1410 2025 1504 2060 AMO
1530 2024 1553 2060 1.
1580 2036 1609 2060 c.
1635 2037 1669 2070 p.
1696 2024 1816 2069 2061).

104 2073 275 2117 Robusta,
301 2074 402 2109 caule
427 2079 556 2119 erecto,
581 2073 759 2109 interdum
784 2085 935 2118 ramoso,
964 2073 1089 2118 ¹s2-1‘
1114 2073 1149 2113 1.,
1175 2072 1257 2118 pilis
1283 2072 1397 2116 longis
1424 2071 1679 2108 confervoideis
1704 2071 1816 2106 molli-

101 2126 156 2155 ter
178 2120 336 2165 villosis,
377 2121 473 2156 foliis
510 2121 646 2156 obtusis
683 2121 960 2165 pubescentibus
997 2120 1075 2155 basi
1100 2120 1253 2164 villosis,
1290 2119 1517 2155 inferioribus
1543 2118 1753 2154 lanceolatis
1779 2118 1816 2152 in

102 2167 274 2212 petiolum
297 2168 503 2209 attenuatis.
530 2168 770 2213 superioribus
795 2167 1173 2213 lineari-lanceolatis3
1207 2167 1378 2202 cincinnis
1404 2166 1626 2212 simplicibus
1652 2165 1817 2201 conferti-

103 2214 203 2250 floris
228 2214 373 2260 strictis,
399 2215 552 2250 bracteis
578 2215 774 2251 linearibus
799 2215 935 2251 obtusis
961 2215 1160 2257 herbaceis,
1185 2213 1332 2249 floribus
1358 2213 1637 2258 erecto-patulis,
1663 2211 1816 2258 pedicel-

102 2261 149 2296 lis
174 2261 402 2297 inferioribus
425 2261 549 2296 florem
575 2263 807 2307 aequantibus
833 2274 862 2297 v.
888 2262 1230 2307 subsuperantibus,
1269 2261 1510 2306 superioribus
1537 2270 1578 2296 eo
1602 2260 1714 2295 multo
1740 2260 1817 2294 bre-

103 2308 272 2353 vioribus3
299 2308 420 2354 calyce
446 2310 510 2344 sub
535 2310 654 2354 anth.,
680 2309 875 2355 cylindrico
899 2309 977 2345 basi
1004 2314 1208 2350 attenuato,
1234 2307 1418 2343 fructifero
1444 2307 1592 2352 oblongo
1617 2307 1710 2342 infra
1734 2316 1815 2350 cap·
1839 2338 1847 2347 ,

105 2355 220 2390 sulam
245 2356 447 2401 constricto,
473 2355 577 2399 longe
602 2356 884 2402 sericeo-lanato,
911 2357 1028 2391 nervis
1054 2356 1414 2398 anastomosantibus,
1439 2354 1601 2390 dentibus
1619 2354 1814 2389 linearibus

105 2402 242 2437 obtusis
269 2402 596 2447 albo-marginatis;
630 2404 853 2449 anthophoro
890 2403 1107 2449 stipitiformi
1139 2403 1282 2437 tertiam
1306 2402 1439 2448 calycis
1466 2407 1606 2447 partem
1632 2405 1818 2445 aequante,

106 2449 304 2494 petalorum
329 2449 437 2485 limbo
463 2449 609 2495 parvulo
636 2450 744 2485 bifido
769 2450 887 2485 albido
913 2461 932 2485 e
958 2450 1077 2496 calyce
1102 2450 1161 2485 vix
1186 2455 1346 2494 exserto,
1380 2460 1508 2485 corona
1532 2459 1641 2495 parva
1667 2446 1814 2490 emargi-

105 2502 211 2541 nata;
238 2497 386 2541 capsula
410 2497 572 2544 oblonga,
598 2498 789 2534 seminibus
815 2497 932 2543 parvis
956 2497 1063 2533 fuscis
1088 2496 1279 2542 pruinosis.

202 2554 243 2588 Iu
269 2555 425 2589 arenosis
449 2555 604 2598 regionis
629 2555 786 2591 inferior.
811 2555 1007 2601 Hispaniae
1033 2555 1179 2591 central.
1206 2565 1303 2590 rara:
1331 2555 1367 2588 in
1393 2554 1486 2589 Cast.
1512 2563 1600 2588 nova
1625 2552 1817 2596 (Barranco

154 2601 268 2635 hondo
295 2600 390 2635 haud
415 2603 536 2646 procul
560 2602 605 2637 ab
631 2614 713 2648 opp.
740 2603 981 2647 Fuencarral,
1008 2602 1131 2645 LAG.,
1168 2601 1252 2637 Soto
1278 2602 1320 2636 de
1346 2601 1462 2644 Migas
1488 2600 1679 2641 calientes,
1714 2597 1818 2641 CUT.,

153 2648 272 2692 AMO),
299 2647 507 2683 Extremad.
547 2648 605 2693 (ad
641 2650 754 2684 Palon
790 2661 844 2695 pr.
871 2650 1076 2693 Plasencia,
1112 2650 1306 2693 BOURG.!)
1340 2654 1375 2683 et
1399 2648 1500 2682 Baet.
1535 2648 1598 2691 (pr.
1625 2645 1658 2680 S.
1683 2644 1818 2689 Roque,

154 2694 354 2740 SCHOTT.).
382 2715 423 2720 —
454 2699 507 2738 O.
534 2696 631 2741 Apr.,
658 2696 758 2741 MaJ‘o
783 2699 826 2742 (v.
853 2698 908 2741 s).

201 2753 292 2788 Hah.
317 2754 354 2788 in
380 2753 493 2788 Lusit.
519 2753 609 2788 med.
636 2760 671 2789 et
696 2759 804 2791 austr.
832 2754 903 2800 (pr.
929 2754 1035 2799 Faro,
1061 2752 1253 2795 BOURG.!)
1277 2757 1383 2796 atque
1408 2752 1444 2785 in
1469 2750 1626 2793 Algeria.

200 2835 338 2870 94381.
389 2836 428 2869 S.
468 2836 734 2870 clandestina
771 2835 918 2876 JACQU.
957 2835 1043 2870 Coll.
1086 2833 1200 2879 suppl.
1245 2835 1327 2876 1113
1367 2832 1526 2867 ROHRB.
1563 2832 1586 2866 l.
1612 2843 1642 2866 c.
1668 2844 1701 2876 p.
1730 2833 1815 2867 109!

110 2880 159 2925 (S.
185 2881 428 2917 arenarioides
467 2881 587 2915 DESF.
626 2881 681 2918 Fl.
720 2883 793 2917 Atl.
818 2883 858 2927 Ι,
893 2896 927 2928 p.
955 2883 1038 2917 355!
1090 2880 1123 2915 S.
1149 2885 1285 2915 costata
1310 2879 1424 2913 ΟΤΊῊ
1460 2890 1516 2923 ap.
1542 2878 1614 2914 DC.
1639 2878 1763 2914 Prodr.
1789 2879 1817 2923 Ι,

108 2940 141 2973 p.
168 2930 253 2964 376!
281 2939 351 2964 sec.
377 2929 508 2964 BOISS.
534 2929 569 2962 in
593 2928 687 2972 litt.).
737 2929 904 2964 Scabride
929 2930 1148 2974 pubescens,
1188 2927 1289 2961 caule
1315 2926 1466 2971 simplici
1489 2938 1520 2961 v.
1545 2931 1679 2969 erecto,
1721 2925 1815 2960 foliis

109 2975 466 3011 lineari—lanceolatis
505 2975 739 3011 linearibusve
776 2976 924 3021 ciliatis3
968 2974 1139 3011 cincinnis
1180 2973 1398 3018 simplicibus
1433 2972 1596 3008 brevibus
1632 2973 1752 3018 pauci·
1783 2978 1818 3007 et

108 3021 334 3059 remotifioris
359 3034 389 3057 v.
425 3021 573 3058 fioribus
610 3022 779 3058 solitariis
813 3023 1082 3065 terminalibus,
1120 3020 1273 3056 bracteis
1308 3020 1500 3055 linearibus
1533 3020 1819 3065 pubescentibus,

109 3066 255 3105 floribus
280 3070 384 3114 longe
408 3069 651 3116 pedicellatis3
679 3069 800 3116 calyce
824 3070 975 3113 oblongo
993 3068 1141 3112 clavato,
1165 3067 1349 3104 fructifero
1367 3067 1497 3104 sensim
1514 3072 1698 3104 attenuato
1715 3066 1818 3112 apice
