1976 3314
889 145 982 191 147

123 265 278 312 piedras‚
303 265 448 313 LGE.!)‚
475 267 620 303 Castell.
647 278 722 303 nov.
748 268 842 313 (Pto.
862 266 905 301 de
923 266 1181 309 Guadarrama,
1208 266 1326 312 LGE.)
1349 273 1384 303 et
1405 267 1575 303 Baeticae
1600 269 1708 314 (Cruz
1732 268 1790 304 del

125 315 258 360 Campo
283 326 335 360 pr.
362 314 502 360 Sevilla,
528 314 653 358 LGE.).
682 335 724 339 —
754 318 796 357 Θ
822 314 911 359 Apr.
928 336 949 339 ⁷-
961 313 1044 348 Jun.
1069 315 1117 359 (v.
1144 315 1196 359 s.).

171 373 262 408 Hab.
289 374 325 408 in
350 372 457 418 Gau„
483 373 594 417 Belg„
620 374 756 418 Austr.⁷
781 372 875 415 Ital¹⁷
901 372 1015 417 Sard.‚
1041 372 1150 413 Cors„
1178 373 1311 408 Sicilia.

688 503 858 542 Species
883 501 1163 541 inquirendae
1176 510 1185 534 ε

79 592 410 637 sempervivwm
434 593 798 638 Boutiynianmn
824 593 931 627 BILL.
957 592 1088 627 GREN.

128 670 167 675 —-
220 650 921 696 Boutiqnfiano-aravchnoideum
946 650 1101 686 LORE'P.
1163 651 1198 685 in
1217 650 1390 696 Pyrenais
1407 649 1625 686 neutralibus
1643 650 1793 695 gallicis,

126 729 170 733 —
221 709 918 755 arachnoideo-Boutiymanum
943 708 1097 744 LORET.

290 756 442 792 fortasse
468 758 576 793 etiam
595 757 806 801 Aragoniae.
846 756 899 791 Cf.
924 756 967 790 de
993 757 1049 791 his
1075 755 1259 801 speciebus
1285 756 1551 791 observationes
1577 755 1620 789 cl.
1647 755 1792 790 LORET

290 804 326 838 in
351 804 441 839 Bull.
472 815 542 841 soc.
569 804 630 838 Fr.
657 805 698 846 V,
727 816 759 849 p.
789 805 854 837 146
882 813 978 847 seqq.
1007 809 1042 839 et
1067 803 1129 845 VI,
1155 815 1187 847 p.
1215 803 1295 837 283.

79 859 237 895 Sedum
267 862 511 907 multiceps
544 862 656 897 Coss.
690 862 790 897 DUR.
824 862 860 895 in
892 861 985 896 Bull.
1018 872 1088 897 soc.
1123 861 1183 896 Fr.
1219 860 1286 903 lx,
1320 872 1354 905 p.
1382 861 1465 894 171!
1493 879 1537 884 —
1568 860 1604 894 in
1635 860 1794 906 Algeria,

290 908 441 944 fortasse
466 911 502 945 in
528 920 636 953 regno
663 909 825 944 Murcico
851 914 912 943 aut
938 907 1163 944 Granatensi.

130 984 173 988 —
223 965 480 1010 ellipticum
504 966 630 1002 MIEG.
656 967 691 1001 in
715 966 808 1001 Bull.
834 977 903 1002 soc.
922 966 982 1002 Fr.
1001 967 1098 1012 XIV,
1125 979 1159 1012 p.
1182 968 1264 1001 145!
1288 986 1327 990 —
1355 967 1391 1000 in
1409 966 1602 1011 Pyrenaeis
1628 965 1795 1000 centrali-

292 1013 369 1056 bus,
395 1014 548 1050 fortasse
574 1015 684 1049 etiam
709 1014 926 1057 Aragoniae.

131 1090 175 1096 —
228 1071 486 1117 Telephium
511 1074 553 1109 L.
579 1074 670 1115 (vide
697 1084 804 1119 supra
829 1086 861 1118 p.
882 1075 947 1107 146
975 1074 1011 1108 in
1035 1074 1154 1109 adnot.
1173 1073 1218 1107 ad
1243 1084 1336 1108 num.
1356 1073 1473 1116 3271),
1498 1073 1534 1106 in
1551 1071 1646 1106 omni
1663 1070 1794 1115 Gallia,

291 1121 529 1165 probabiliter
553 1122 660 1157 etiam
687 1121 723 1156 in
749 1120 934 1166 Hispania.

365 1289 474 1333 Fam.
519 1290 626 1334 101».
697 1286 1224 1334 PARONYCHIACEAE
1262 1286 1336 1331 ST.
1369 1281 1516 1334 HIL*

201 1399 363 1439 Plantae
395 1412 598 1452 perennes
631 1401 830 1441 interdum
866 1400 1165 1447 suffruticosae,
1198 1400 1330 1439 rarius
1364 1411 1534 1450 annuae,
1564 1399 1794 1439 ramosissi-

86 1469 190 1496 mae.
245 1457 354 1498 Folia
387 1459 680 1511 crassiuscula,
719 1458 916 1511 simplicia
949 1459 1109 1512 integra
1149 1463 1187 1497 et
1228 1458 1514 1510 integerrima,
1555 1458 1795 1509 saepissime

88 1528 222 1568 parva.
259 1517 444 1569 opposita
477 1519 610 1558 rarius
644 1518 816 1568 alterna,
847 1516 1046 1557 interdum
1081 1517 1130 1556 ob
1164 1516 1258 1556 folia
1285 1516 1449 1568 juniora
1482 1515 1661 1554 axillaria
1695 1515 1795 1555 false

85 1573 336 1625 verticitlata,
361 1575 535 1627 sessilia,
560 1577 719 1628 stipulis
744 1576 939 1615 scariosis
963 1576 1173 1625 instructa,
1202 1575 1332 1614 rarius
1357 1573 1611 1625 exstipulata.
1656 1573 1796 1613 Flores

85 1633 196 1684 parvi
239 1633 511 1685 inconspicui,
553 1646 659 1673 nunc
700 1635 738 1673 in
780 1646 919 1686 cymas
958 1633 1194 1672 terminales
1229 1633 1340 1671 varie
1373 1631 1567 1671 formatas
1600 1631 1798 1683 dispositi,

86 1702 194 1729 nunc
227 1689 418 1731 axillares
452 1691 637 1734 sessiles.
687 1692 882 1731 Bracteae
916 1692 982 1731 ubi
1016 1690 1161 1730 adsunt
1193 1691 1350 1743 stipulis
1384 1689 1550 1731 similes.
1594 1688 1720 1743 Calyx
1753 1689 1796 1728 5-

87 1748 199 1800 (raro
223 1745 376 1801 3—4-)
400 1750 577 1801 sepalus,
608 1749 759 1802 sepalis
794 1749 1011 1790 subliberis
1035 1754 1102 1789 aut
1134 1748 1221 1801 plus
1255 1749 1386 1788 minus
1418 1748 1526 1787 inter
1558 1759 1603 1787 se
1636 1752 1676 1786 et
1707 1760 1796 1787 cum

87 1810 178 1845 toro
202 1818 381 1846 concavo
411 1807 612 1848 interdum
640 1808 828 1848 annulum
853 1808 1093 1860 perigynum
1129 1807 1326 1846 formante
1361 1807 1397 1845 in
1431 1806 1566 1845 tubum
1600 1807 1796 1856 connatis,

87 1864 421 1916 persistentibus>
464 1866 777 1917 praefloratione
817 1866 1038 1905 imbricatis
1079 1870 1146 1905 aut
1186 1863 1443 1904 subvalvatis.
1506 1863 1641 1904 Petala
1672 1863 1798 1914 5-4,

87 1921 237 1973 sepalis
270 1922 449 1974 alterna,
482 1925 558 1964 tori
593 1925 764 1978 margini
797 1925 971 1975 inserta,
1002 1936 1124 1976 parva
1158 1922 1482 1975 squamiformia,
1513 1922 1645 1962 rarius
1678 1922 1797 1962 nulla.

86 1980 264 2020 Stamina
298 1982 539 2033 saepissime
573 1981 619 2032 5,
662 1982 812 2035 sepalis
846 1983 1051 2034 opposita,
1093 1983 1224 2022 rarius
1257 1978 1283 2020 4
1316 1979 1379 2020 vel
1418 1978 1487 2031 10,
1531 1992 1619 2020 cum
1653 1979 1797 2032 petalis

86 2037 250 2089 inserta,
282 2040 479 2092 perigyna
503 2041 635 2081 rarius
659 2041 889 2094 hypogyna,
920 2039 1101 2081 antheris
1131 2038 1431 2080 bilocularibuS.
1475 2038 1664 2078 Ovarium
1699 2038 1797 2077 libe-

85 2107 196 2147 rum,
237 2097 354 2150 stylis
398 2097 632 2151 plerumque
677 2097 790 2139 2-3
831 2110 925 2139 raro
969 2097 1006 2138 5.
1069 2098 1237 2138 Fructus
1270 2096 1493 2149 capsularis
1527 2096 1799 2147 nummularis,

87 2155 217 2194 rarius
252 2155 398 2195 subtri-
433 2169 465 2195 v.
497 2156 845 2208 quadrilocularis,
878 2168 983 2196 nunc
1016 2155 1142 2197 valvis
1177 2155 1288 2196 3-5
1323 2154 1538 2194 dehiscens
1571 2154 1796 2207 pleiosper-

90 2224 190 2263 mus,
221 2225 326 2253 nunc
358 2213 510 2253 evalvis
545 2215 806 2254 indehisceus
832 2226 1155 2266 monospermus‚
1187 2225 1350 2265 semper
1377 2212 1517 2265 calyce
1550 2213 1796 2265 persistente

87 2269 281 2310 inclusus.
330 2272 494 2312 Semina
527 2285 631 2312 nunc
665 2272 1001 2326 spermatophoro
1033 2271 1203 2312 centrali
1237 2271 1365 2311 libero
1399 2270 1530 2321 affixa,
1562 2283 1667 2311 nunc
1699 2270 1797 2310 soli-

86 2329 186 2368 taria
221 2341 271 2369 ex
304 2330 418 2381 apice
451 2329 616 2370 funiculi
641 2344 663 2370 e
687 2330 809 2371 fundo
843 2330 963 2370 loculi
996 2331 1071 2370 orti
1107 2330 1215 2383 longi
1249 2328 1436 2382 pendula,
1469 2328 1669 2368 albumine
1703 2328 1796 2368 fari-

89 2397 215 2425 naceo
248 2387 444 2439 praedita.
497 2387 674 2442 Embryo
706 2389 897 2429 incurvus
929 2401 966 2430 V.
1001 2388 1206 2429 annularis
1240 2387 1427 2429 albumen
1460 2389 1644 2439 cingens,

163 2529 271 2575 Trib.
308 2530 336 2575 l.
391 2530 810 2577 Sclerantheae
848 2532 928 2578 LK.
956 2542 1084 2578 Enum.
1111 2543 1192 2577 417.
1231 2541 1302 2576 Dc,
1331 2541 1455 2577 Prodr.
1481 2541 1555 2588 ΠΙ,
1581 2554 1614 2587 p.
1642 2542 1726 2576 377!

201 2639 329 2693 Calyx
352 2641 636 2694 gamosepalus
659 2640 980 2694 4—-5—partitus,
1011 2643 1105 2683 tubo
1129 2642 1350 2693 urceolato>
1382 2641 1430 2681 ad
1462 2640 1617 2681 faucem
1650 2638 1797 2679 annulo

85 2696 326 2750 glanduloso
368 2699 412 2751 (i.
455 2711 491 2740 e.
536 2701 613 2739 tori
656 2700 857 2740 urceolati
903 2702 1085 2753 margine
1129 2701 1362 2753 superiore)
1410 2699 1598 2739 munitus,
1663 2698 1796 2737 Petala

86 2754 203 2795 nulla.
248 2756 424 2797 Stamina
452 2755 515 2808 10,
547 2758 678 2797 rarius
701 2757 726 2798 5
751 2763 817 2798 aut
840 2757 864 2798 2
887 2763 979 2798 ante
1012 2758 1200 2799 annulum
1232 2758 1358 2798 faucis
1392 2758 1556 2796 inserta.
1603 2756 1791 2795 Ovarium

85 2812 255 2853 liberum
308 2814 558 2855 uniloculare
606 2815 863 2856 biovulatum.
937 2817 1105 2857 Fructus
1154 2816 1486 2856 membranaceus
1534 2813 1794 2853 indehisceus

86 2872 339 2921 (wionius),
369 2872 521 2926 calycis
554 2873 648 2912 tubo
682 2873 867 2914 indurato
900 2874 1101 2925 inclusus,
1139 2876 1280 2914 abortu
1314 2872 1420 2912 ovuli
1454 2871 1621 2911 alterius
1656 2883 1795 2912 mono—

87 2939 286 2980 spermus.
327 2954 370 2959 —-
408 2931 566 2970 Herbae
600 2932 904 2983 inconspicuae‚
935 2932 1042 2972 foliis
1076 2932 1273 2984 oppositis
1307 2929 1575 2981 exstipulatis.

153 3042 170 3059 ⁴¹
190 3042 320 3070 Auctore
340 3045 533 3071 WILLKOMM.

1438 3093 1482 3123 10
1498 3088 1516 3108 *
