1976 3314
934 94 1030 140 392

139 218 440 259 lnssorescentia
471 217 648 259 axillaris
682 218 864 266 (floribus
897 230 1040 269 nempe
1080 214 1183 256 1—3
1214 216 1253 256 in
1276 216 1502 268 pedunculo
1525 217 1678 258 axillari
1703 218 1828 258 inter-

141 276 231 315 dum
265 276 496 316 abbreviato
529 277 705 322 insertis,
737 275 944 327 pedicellis
978 275 1063 315 basi
1096 273 1330 326 articulatis)
1361 280 1428 315 aut
1450 275 1827 327 pseudoterminalis

142 333 324 383 (floribus
358 335 395 373 in
429 333 612 374 foliorum
645 347 681 375 v.
705 334 956 373 bractearum
990 331 1108 372 axilla
1140 331 1344 383 solitariis,
1377 333 1554 373 breviter
1585 333 1827 385 peduncula-

142 392 192 430 tis
214 404 249 432 V.
272 389 573 442 subsessilibus,
605 403 805 431 racemum
829 391 959 430 laxum
983 403 1018 431 v.
1041 389 1223 439 densum,
1256 401 1380 441 saepe
1415 391 1606 443 spicatum
1640 391 1827 432 termina—

142 448 220 488 lem
251 448 543 498 formantibus).
603 448 808 499 Bracteae,
839 448 904 488 ubi
937 447 1100 497 adsunt,
1133 447 1185 486 nil
1217 447 1295 487 nisi
1326 446 1421 487 folia
1454 448 1501 488 ad
1535 449 1726 501 petiolum
1759 449 1828 488 sti-

144 505 245 557 pulis
279 507 466 545 munitum
501 505 572 546 sed
606 506 750 545 foliolis
783 510 986 546 carentem
1019 504 1198 547 reducta.
1262 504 1419 546 Corolla
1450 518 1581 557 rosea,
1614 517 1829 560 purpuras-

144 574 257 614 cens,
287 563 385 604 flava
417 568 483 604 aut
514 564 746 604 versicolor.

704 674 977 720 Conspectus
1002 674 1267 710 sectionum.

213 753 250 780 A.
288 755 387 780 Flores
407 755 436 779 in
455 755 590 779 foliorum
609 755 793 785 superiorum
814 754 890 786 (raro
910 755 969 779 fere
990 754 1128 786 omnium)
1156 756 1208 780 aut
1228 756 1411 781 bractearum
1432 754 1521 780 axilla
1540 755 1665 780 solitarii
1687 755 1767 787 (raro
1786 765 1831 789 ge-

293 789 387 821 mini),
408 790 594 821 pedunculati
618 797 645 813 v.
660 789 840 820 subsessiIes,
861 789 1025 820 pedunculo
1046 790 1082 814 ad
1102 789 1186 814 basin
1206 797 1263 815 non
1283 790 1449 815 articulato.

293 831 320 848 a.
357 824 457 848 Flores
476 824 512 848 ad
533 825 659 848 ramulos
679 824 814 848 axinares
830 824 999 855 saepissime
1019 824 1048 848 in
1067 825 1181 856 spinam
1202 825 1369 850 desinentes
1387 831 1454 850 raro
1475 825 1600 849 inermes
1620 827 1709 856 atque
1723 825 1759 849 ad
1774 825 1833 856 api-

359 865 419 883 cem
438 858 499 882 axis
519 858 652 889 primarii
674 865 731 882 non
744 858 935 890 spinescentis
950 860 1118 884 racemosim
1134 867 1160 883 v.
1177 859 1369 884 fasciculatim
1383 860 1528 891 dispositi,
1549 860 1657 883 corolla
1672 866 1832 890 purpurea.

360 906 387 910 -
410 892 532 917 Plantae
553 893 741 918 frutescentes
761 900 789 917 v.
810 893 968 918 fruticosae
1013 911 1206 920 .....
1279 893 1355 920 Sect.
1375 895 1399 918 I.
1438 893 1544 919 Aean
1557 894 1619 919 tho
1632 893 1742 918 nonis
1762 894 1832 919 WK.

292 927 322 951 b.
360 927 461 952 Flores
480 927 510 951 in
530 927 667 951 foliorum
685 927 830 952 floralinm
851 928 1074 953 bractearumve
1096 928 1185 953 axilla.
1204 935 1318 960 semper
1338 929 1472 960 solitarii,
1494 929 1735 954 inflorescentiam
1756 935 1832 953 race-

360 968 475 992 mosam,
495 962 635 992 spieatam
654 970 681 986 v.
704 962 860 993 capitatam
880 962 1062 987 terminalem
1082 964 1177 987 laxam
1197 972 1225 988 V.
1247 965 1407 988 confertam
1427 964 1595 993 formantes,
1612 964 1721 987 corolla
1741 969 1832 991 rosea,

363 1002 520 1028 purpurea,
542 997 629 1026 lutea,
651 997 758 1027 albida,
780 997 964 1021 versicolore.
985 1011 1016 1015 —
1036 995 1152 1028 Species
1172 998 1342 1028 herbaceae,
1362 998 1532 1030 saepissime
1553 1004 1675 1027 annuae,
1697 998 1822 1022 inermes

1257 1032 1332 1058 Set-t.
1354 1033 1395 1057 11.
1434 1033 1618 1064 Bugrana
1638 1032 1699 1057 DC.
1720 1032 1833 1057 emend.

214 1064 248 1088 Β.
286 1064 385 1089 Flores
405 1065 434 1090 in
453 1064 617 1096 pedunculo
638 1065 754 1090 axillari
774 1065 921 1090 interdum
942 1065 977 1090 ad
995 1065 1118 1097 gibbum
1144 1067 1279 1099 reducto,
1310 1067 1426 1099 saepius
1450 1068 1585 1099 elongato
1606 1067 1724 1097 inserti,
1759 1066 1834 1096 1—3‚

290 1099 439 1131 pedicellis
459 1099 494 1123 ad
513 1099 597 1124 basin
617 1100 787 1125 articulatis.

292 1142 316 1158 e.
353 1134 540 1159 Pedunculus
559 1135 662 1165 longus
679 1137 730 1159 aut
748 1135 851 1159 saltem
871 1135 1043 1166 conspicuus
1057 1154 1064 1166 ,
1085 1134 1119 1166 1-,
1141 1142 1207 1160 raro
1227 1136 1343 1161 2-fl0rus
1361 1155 1367 1166 ,
1386 1137 1464 1160 ultra
1484 1136 1563 1160 floris
1584 1135 1726 1160 florumve
1747 1135 1835 1159 inser-

354 1169 463 1193 tionem
482 1169 649 1199 saepissime
669 1168 697 1192 in
718 1169 837 1193 aristam
857 1169 1032 1201 productus,
1062 1176 1128 1194 raro
1159 1171 1295 1197 mutiens.
1334 1170 1497 1195 Pedunculi
1517 1170 1639 1195 floriferi
1659 1171 1688 1194 in
1708 1176 1835 1194 racemos

354 1204 435 1227 laxos
454 1203 570 1227 foliosos
590 1203 734 1234 dispositi,
752 1203 828 1228 foliis
849 1203 1000 1228 floralibus
1019 1205 1189 1236 saepissime
1207 1205 1380 1236 l-soliolatis,
1400 1205 1450 1230 sed
1464 1211 1623 1237 numquam
1638 1205 1674 1229 ad
1688 1205 1835 1229 bracteam

354 1238 490 1262 reductis.
529 1237 647 1263 Corolla
664 1238 741 1262 flava
760 1246 788 1262 v.
808 1238 976 1263 versicolor.
1015 1239 1142 1271 Herbae,
1163 1246 1230 1265 raro
1249 1240 1413 1265 suffrutices

1369 1273 1444 1300 Sect.
1464 1274 1524 1298 111.
1562 1273 1709 1299 Natrix
1730 1273 1834 1298 MNCH.

290 1307 317 1332 d.
356 1306 542 1331 Pedunculus
562 1307 663 1338 longus
682 1308 733 1331 aut
748 1307 847 1332 brevis
867 1309 917 1332 aut
938 1307 973 1332 ad
991 1307 1114 1339 gibbum
1133 1308 1287 1340 reductus,
1324 1308 1508 1339 1—3-fl0rus,
1540 1309 1680 1339 mutiens,
1717 1314 1786 1332 raro
1807 1308 1834 1332 in

352 1347 519 1366 mucronem
537 1343 723 1366 recurvatum
751 1342 897 1366 reduetus.
928 1341 1013 1366 Folia
1040 1343 1153 1367 floralia
1181 1346 1233 1368 aut
1260 1343 1357 1368 omnia
1382 1346 1434 1368 aut
1463 1343 1618 1374 superiora
1646 1344 1675 1367 in
1704 1343 1838 1367 bracteas

353 1377 542 1405 commutata,
564 1381 629 1400 raro
650 1376 747 1400 omnia
766 1377 934 1407 immutata,
957 1377 1139 1402 trifoliolata.
1178 1378 1295 1403 corolla
1314 1384 1436 1409 carnea,
1457 1384 1549 1408 rosea,
1570 1384 1730 1409 purpurea,
1751 1377 1836 1405 flava,

352 1416 451 1435 aurea.
474 1423 502 1427 —
522 1409 656 1435 Frutices
677 1417 704 1434 v.
724 1411 889 1436 suffrutices
952 1429 1190 1437 ......
1229 1411 1305 1437 Sect.
1326 1413 1377 1439 IV.
1416 1412 1438 1436 P
1449 1420 1461 1437 s
1473 1420 1487 1437 e
1498 1413 1543 1437 ud
1554 1419 1570 1437 o
1581 1413 1685 1442 cytis
1696 1419 1714 1436 u
1725 1419 1738 1436 s
1759 1411 1835 1435 WK.

216 1442 326 1469 Ser.A.
353 1444 453 1469 Flores
473 1444 503 1468 in
523 1444 659 1469 foliorum
679 1446 769 1470 caulis
789 1452 974 1471 remorumve
991 1446 1176 1478 superiorum
1205 1446 1282 1479 (raro
1302 1448 1362 1473 fere
1383 1446 1522 1479 omnium)
1543 1448 1642 1478 axilla,
1663 1446 1789 1471 solitarii
1810 1454 1836 1470 v.

352 1479 446 1504 rarius
465 1479 589 1510 gemini,
610 1478 800 1509 pedunculati
821 1487 848 1504 v.
868 1480 1053 1511 subsessiles‚
1073 1481 1239 1512 pedunculo
1258 1482 1294 1507 ad
1313 1482 1397 1507 basin
1417 1489 1473 1506 non
1493 1482 1647 1506 articulato
1667 1481 1704 1511 (i.
1721 1488 1747 1506 e.
1770 1480 1837 1505 arti-

353 1513 499 1537 culatione
518 1519 581 1537 cum
601 1513 649 1537 axi
668 1520 725 1538 non
741 1514 918 1545 conjuncto).

193 1592 285 1628 Sect.
310 1592 342 1627 Ι.
391 1589 748 1625 Acanthononis
773 1590 863 1627 WK.
911 1591 1037 1627 Flores
1071 1592 1108 1627 in
1139 1592 1249 1628 axilla
1283 1592 1448 1628 foliorum
1477 1592 1656 1628 floralium
1680 1593 1840 1628 bractea-

352 1647 472 1672 rumve
497 1636 657 1681 solitarii,
681 1637 798 1674 rarius
821 1639 962 1684 gemini,
986 1639 1140 1675 breviter
1156 1638 1385 1684 pedunculati
1400 1652 1429 1674 v.
1448 1639 1671 1675 subsessiles.
1698 1639 1841 1675 Corolla

351 1693 543 1729 purpurea,
567 1683 688 1719 carina
701 1685 906 1729 rectangule
923 1691 1080 1729 curvata,
1104 1690 1272 1722 rostrata.
1306 1686 1487 1731 Legumen
1504 1687 1661 1732 calycem
1685 1697 1842 1731 aequans

351 1742 381 1764 v.
414 1740 454 1765 eo
488 1730 639 1765 brevius.
686 1729 830 1766 Semina
858 1732 1092 1768 tuberculata.
1119 1753 1161 1758 —
1186 1733 1337 1768 Plantae
1368 1733 1625 1777 frutescentes,
1661 1733 1757 1769 foliis
1789 1734 1841 1769 in-

355 1776 542 1812 ferioribus
568 1779 615 1820 3-,
641 1777 884 1822 superioribus
912 1779 1129 1823 l-foliolatis,
1157 1789 1263 1825 saepe
1288 1779 1518 1826 fasciculatis,
1542 1779 1690 1816 floribus
1715 1779 1760 1815 ad
1784 1791 1839 1815 ra-

354 1823 465 1858 mulos
488 1823 656 1859 laterales
681 1824 881 1869 (axillares)
912 1826 1119 1871 saepissime
1151 1826 1188 1861 in
1221 1826 1358 1871 spinam
1383 1826 1539 1862 albidam
1563 1826 1765 1862 desinentes
1790 1832 1843 1863 at-

357 1879 423 1913 que
458 1869 503 1904 ad
534 1870 671 1915 apicem
696 1871 773 1907 axis
797 1872 959 1916 primarii
984 1883 1052 1908 non
1076 1872 1310 1918 spinescentis
1336 1873 1417 1909 laxe
1441 1874 1614 1910 racemosi
1638 1886 1668 1909 v.
1693 1874 1840 1910 fascicu—

355 1915 431 1952 lati.
478 1915 747 1954 Inflorescentia
772 1928 878 1964 saepe
902 1919 1222 1964 paniculaeformis.

85 2008 145 2053 ff
243 1996 344 2030 3827.
395 1998 440 2032 ο.
466 1999 713 2039 campestris
737 1996 856 2033 Kocn
880 2002 917 2034 et
940 1998 1010 2033 le
1034 1999 1109 2035 Cat.
1135 1999 1212 2034 Pal.
1239 2000 1301 2044 223
1340 1998 1412 2035 GR.
1438 1998 1568 2034 Gonss.
1601 1999 1623 2034 1.
1649 2011 1677 2034 c.
1704 2011 1736 2045 p.
1756 2002 1840 2036 373!

151 2042 274 2077 RCHB.
300 2042 346 2077 Ic.
373 2041 394 2077 l.
421 2054 448 2077 c.
474 2048 498 2078 t.
523 2044 587 2088 46,
613 2043 750 2080 I—III!
781 2044 834 2090 (Ο.
863 2046 1006 2091 spinosa
1034 2058 1070 2081 ο.
1103 2045 1144 2082 L.
1171 2046 1272 2091 Spec.
1296 2045 1344 2091 pl.
1373 2047 1482 2091 1006,
1518 2046 1687 2081 WALLR.
1713 2047 1839 2081 Sched.

150 2102 183 2134 p.
211 2090 304 2133 379).
353 2088 520 2133 Spinosa,
546 2089 666 2125 radice
691 2091 976 2136 perpendiculari
1009 2093 1133 2137 longa,
1172 2093 1316 2128 caudice
1341 2103 1409 2127 non
1435 2092 1655 2138 stolonifero,
1681 2094 1841 2129 caulibus

150 2135 278 2170 erectis
302 2135 466 2179 virgatis,
498 2136 598 2171 valde
623 2138 790 2181 ramosis,
824 2140 923 2172 1-2‘
948 2139 987 2185 l.,
1019 2138 1207 2175 unifariam
1232 2139 1657 2185 glanduloso-puberulis,
1695 2140 1843 2176 ramulis

151 2182 430 2227 spinescentibus
454 2181 658 2219 divaricatis
683 2185 890 2229 numerosis,
916 2195 1022 2231 saepe
1047 2186 1217 2231 geminis,
1252 2186 1347 2221 foliis
1372 2186 1502 2232 parvis,
1527 2185 1572 2220 ad
1597 2186 1699 2222 basin
1726 2187 1841 2232 spina-

149 2239 227 2263 rum
250 2228 483 2273 fasciculatis,
516 2229 645 2265 foliolis
669 2230 983 2277 lineari-oblongis,
1009 2233 1147 2277 apicem
1171 2243 1292 2268 versus
1319 2233 1484 2273 serratis,
1520 2233 1842 2279 glabrescentibus3

152 2274 291 2318 stipulis
314 2275 447 2318 parvis,
472 2277 820 2323 ovato-lanceolatis;
859 2278 1004 2314 floribus
1029 2280 1165 2323 magnis
1195 2280 1229 2323 (6
1250 2280 1337 2314 -9’”
1362 2280 1410 2324 l.),
1436 2279 1641 2315 brevissime
1664 2280 1842 2325 peduncu-

151 2321 245 2373 latis,
270 2321 385 2373 spicas
400 2321 576 2374 'oblongas
600 2323 743 2360 foliosas
767 2335 974 2361 numerosas
999 2325 1242 2372 formantibus,
1269 2325 1402 2371 calycis
1427 2325 1843 2371 glanduloso-pubescen-

151 2373 199 2403 tls
222 2367 360 2402 laciniis
384 2367 742 2414 lineari-lanceolatis,
766 2372 851 2406 tubo
875 2372 1103 2417 longioribus,
1129 2373 1185 2408 vix
1210 2373 1361 2408 mediam
1386 2372 1505 2407 vexilli
1528 2378 1667 2418 partem
1692 2383 1844 2418 aequan-

151 2414 260 2459 tibus,
285 2414 460 2457 legumine
486 2415 643 2460 calycem
668 2424 860 2463 aequante,
886 2419 993 2463 ovali,
1019 2430 1240 2464 compresso,
1266 2419 1680 2464 glanduloso-puberulo,
1706 2426 1843 2456 maturo

152 2459 358 2503 lutescente,
383 2462 641 2507 2—4-spermo,
666 2465 857 2500 seminibus
882 2466 1050 2501 brunneis
1073 2466 1318 2502 tuberculatis.
1344 2486 1386 2491 —-
1412 2466 1542 2502 Planta
1558 2477 1684 2512 parum
1701 2467 1843 2512 viscida,

153 2517 221 2542 non
243 2507 380 2542 foetens
403 2507 549 2543 floribus
571 2509 747 2545 interdum
772 2511 863 2547 albis
885 2513 1011 2548 variat.

244 2566 286 2599 In
310 2565 397 2600 locis
421 2566 589 2611 arenosis,
615 2567 803 2614 ruderatis,
828 2570 982 2615 pascuis,
1007 2569 1053 2604 ad
1076 2568 1259 2605 fluviorum
1285 2569 1385 2615 ripas
1408 2579 1642 2614 agrorumque
1667 2570 1844 2613 margines

201 2611 354 2655 regionis
376 2611 531 2647 inferior.
568 2623 632 2658 per
667 2625 803 2650 omnem
838 2616 913 2651 sine
949 2616 1055 2651 dubio
1080 2616 1309 2661 Hispaniam,
1346 2616 1381 2650 in
1406 2626 1514 2660 regno
1538 2615 1683 2651 Granat.
1710 2615 1746 2650 in
1770 2627 1843 2660 reg.

201 2663 364 2693 montana
387 2658 449 2702 (ad
473 2658 533 2694 alt.
559 2661 747 2701 3—6000‘,
772 2662 882 2706 Bss.).
908 2683 952 2688 -
981 2672 1015 2702 21.
1042 2663 1087 2706 ὴ.
1113 2662 1317 2698 Jun.—Ju1.
1343 2663 1386 2707 (v.
1410 2663 1467 2705 v.).
1517 2662 1700 2707 »Gatuna‚
1731 2662 1844 2698 Gatil-
1893 2686 1899 2692 -

200 2704 265 2742 las,
290 2704 607 2747 Quiebra-arados«
637 2707 792 2753 Castell.,
820 2708 970 2755 »Gaons,
995 2709 1160 2746 Gabons«
1188 2708 1312 2755 Catal,
1341 2709 1478 2745 »Gavo«
1505 2708 1646 2744 Valent.

191 2772 199 2780 ·
247 2760 338 2795 Hab.
363 2762 398 2796 in
422 2762 568 2808 Europa
592 2765 684 2799 omni
709 2770 744 2800 et
768 2766 971 2810 Soongaria.

225 2817 425 2870 ’Obserw
475 2819 551 2855 Hac
583 2822 700 2866 specie
730 2834 808 2858 cum
842 2828 1011 2868 sequente
1044 2829 1080 2859 et
1103 2824 1143 2860 O.
1169 2824 1390 2869 antiquorum
1414 2824 1458 2859 ab
1482 2823 1685 2859 auctoribus
1711 2824 1844 2869 saepis-

206 2873 290 2898 S1me
315 2870 525 2901 commutata
549 2866 750 2904 discernere
782 2880 934 2915 nequeo,
966 2870 1011 2905 ad
1044 2881 1232 2915 quamnam
1265 2872 1391 2907 harum
1424 2870 1619 2915 specierum
1644 2870 1773 2915 stirpes
1799 2871 1843 2906 ab

205 2910 630 2992 aucggigbiistHispanicis
655 2920 690 2951 et
713 2917 1037 2961 peregrinatoribus
1062 2918 1127 2954 sub
1145 2917 1184 2953 Ο.
1202 2918 1367 2964 spinosae
1391 2917 1528 2952 nomine
1552 2916 1728 2953 indicatae
1753 2917 1843 2952 refe-

203 2966 267 2991 ren
357 2966 411 2991 sm
431 2986 436 2993 .
