1976 3314
934 151 1025 194 165

124 271 255 317 sepalis
283 271 455 313 1—11sa¹‘¹
480 272 502 306 l.
533 271 692 316 oblongis
724 271 959 306 obtusissimis
989 270 1159 305 viridibus
1192 270 1515 311 albo-marginatis,
1549 269 1678 313 petalis
1705 269 1826 314 calyce

123 319 343 353 brevioribus
367 329 512 353 amoene
543 319 746 363 persicinis,
778 318 989 354 staminibus
1023 317 1230 362 saepissime
1257 319 1277 350 2
1303 327 1383 350 raro
1411 318 1449 359 33
1485 316 1639 360 capsulis
1669 316 1826 360 calycem

123 366 355 409 aequantibus
380 370 441 400 aut
473 367 741 410 superantibus,
776 365 966 406 seminibus
998 363 1444 409 triquetro-pyriformibus
1469 373 1593 407 parum
1617 363 1829 407 compressis

122 412 379 456 immarginatis
396 413 573 455 rugulosis
591 412 854 456 nigricantibus.
875 432 916 436 —
932 412 1086 456 Capsula
1103 418 1241 446 matura
1255 410 1430 445 interdum
1449 410 1828 454 clialybeo-nigricans.

219 470 258 503 In
284 470 454 513 arenosis,
479 470 632 514 incultis,
658 470 833 505 ruderatis
858 470 1011 513 regionis
1037 470 1192 504 inferior.
1220 469 1416 513 Hispaniae
1441 467 1619 508 australis,
1645 467 1768 502 orient.
1794 473 1829 502 et

173 517 319 551 central.
346 517 493 561 passim:
523 517 557 551 in
576 517 669 553 Cast.
688 517 788 552 Nova
813 518 882 561 (pr.
903 517 1169 561 Cienpozuelos,
1188 516 1312 559 LGE.),
1339 515 1452 550 Catal.
1477 515 1528 558 (in
1546 515 1624 558 agri
1641 514 1828 548 Barcinon.

169 574 258 597 zona
281 564 422 599 litor-ali.
448 564 560 599 Llano
578 563 635 598 del
653 564 857 607 Llobregat.
883 564 918 597 in
944 564 1058 608 pratis
1081 564 1211 606 salsug.
1231 563 1374 597 ditionis
1394 561 1514 603 Uigel,
1533 561 1696 605 CSTA.!),
1722 571 1829 604 regno

172 610 285 645 Mure.
312 612 353 654 (c.
379 611 518 645 Murcia
543 616 578 646 et
594 611 803 655 Car-lagena,
830 611 1028 654 BOURGA),
1055 610 1203 645 Granat.
1230 610 1282 655 (in
1308 609 1436 654 plat-eis
1453 608 1685 651 Alhambrae,
1711 607 1830 651 FK.!).

174 677 218 681 —
246 661 287 698 Θ
314 658 532 702 Apin—dun.
561 661 603 701 (v.
630 659 670 695 s.)

218 715 310 750 Hab.
336 716 372 750 in
397 727 505 759 regno
531 715 693 760 Neapol,
718 714 844 750 Sicilia
869 720 904 750 et
929 714 1109 749 Armenia.

220 798 321 830 3317.
373 799 410 831 S.
437 799 684 839 campestris
718 796 954 841 (Lepigonum
988 800 1186 839 campestre
1218 793 1364 827 KINDB.
1395 792 1556 834 Monogr.
1582 804 1617 836 p.
1643 793 1706 826 35!
1743 790 1830 835 Lep.

127 842 311 877 diandrum
339 843 485 877 KINDB.
515 844 596 888 Syn.
622 849 713 878 teste
739 843 837 877 LGE.
865 843 887 876 l.
914 854 960 887 cz,
995 841 1225 886 Spergularia
1250 839 1399 875 diandra
1423 839 1540 873 GUIR.
1566 838 1614 883 pl.
1639 840 1729 872 exs!
1764 849 1832 872 non

127 889 297 932 HELDR,
325 890 446 934 Sperg.
473 891 581 924 rubra
606 902 677 924 var.
704 889 738 924 J.
764 889 854 924 GAY
879 900 934 934 ap.
960 889 1116 923 BOURG.
1143 889 1190 932 pl.
1218 898 1291 922 exs.
1318 899 1350 921 n.
1382 888 1486 921 1709!
1511 886 1636 920 Alsine
1661 885 1768 919 rubra
1793 887 1830 926 β.

126 937 305 971 maritima
332 937 419 971 WK.
446 937 492 982 pl.
519 947 591 971 exs.
624 939 723 979 1845,
750 948 782 971 n.
808 938 894 971 849!
921 937 1025 971 etiam
1053 936 1138 970 BSS.
1158 935 1244 979 Voy.
1270 947 1302 979 p.
1330 935 1402 968 975>
1426 944 1444 967 e
1471 933 1649 975 statione).
1693 932 1832 975 Annua,

124 983 540 1029 glanduloso-puberula,
574 984 724 1026 viscida,
759 984 837 1018 basi
860 983 1002 1027 glabra,
1039 982 1200 1017 caulibus
1234 982 1427 1016 numerosis
1460 981 1496 1014 in
1521 980 1641 1014 orbem
1666 979 1833 1023 expansis

127 1031 315 1075 prostratis
341 1043 369 1065 v.
390 1030 698 1075 adscendentibus,
723 1030 923 1065 dichotome
948 1030 1108 1074 ramosis,
1135 1028 1251 1063 4—9“
1270 1029 1311 1071 l.·,
1337 1028 1433 1062 foliis
1459 1027 1650 1061 linearibus
1676 1026 1833 1070 planius-

126 1078 215 1112 culis
240 1078 686 1120 mucronato·acuminatis,
711 1077 910 1112 internodia
928 1077 1136 1122 plerumque
1154 1075 1319 1119 elongata
1336 1086 1403 1109 non
1421 1073 1667 1118 aequantibus,
1693 1073 1834 1117 stipulis

127 1125 289 1159 brevibus
307 1125 417 1160 ovatis
436 1125 561 1165 acutis,
587 1125 661 1159 basi
682 1125 852 1166 connatis,
877 1124 1016 1159 sordide
1037 1124 1129 1158 albis
1147 1134 1215 1157 non
1232 1122 1460 1165 micantibus3
1487 1120 1597 1165 cymis
1622 1119 1834 1154 floribundis

126 1172 239 1216 primo
258 1171 468 1207 dichotomis
485 1176 610 1216 postea
627 1173 855 1214 racemiferis,
878 1171 1026 1206 racemis
1045 1170 1157 1214 longis
1176 1168 1431 1209 secundifloris.
1449 1167 1606 1212 aphyllis
1624 1167 1835 1211 stipulaceo-

127 1219 338 1263 bracteatis3
365 1218 512 1254 fioribus
536 1218 876 1264 brevepedicellatis,
903 1218 1086 1263 pedicellis
1111 1217 1268 1261 calycem
1294 1214 1613 1259 subaequantibus,
1638 1214 1833 1248 fructiferis

128 1266 640 1310 subrectangulo-patentibus3
672 1266 804 1309 sepalis
830 1265 989 1300 concavis
1016 1263 1270 1299 subcucullatis
1295 1263 1455 1306 oblongis
1480 1261 1616 1296 obtusis
1641 1261 1713 1296 late
1737 1261 1835 1295 albo-

128 1313 348 1357 marginatis,
376 1313 504 1357 petalis
530 1313 650 1357 calyce
675 1312 896 1347 brevioribus
921 1312 1032 1347 roseis
1058 1324 1087 1345 v.
1112 1311 1222 1352 albis,
1249 1310 1395 1355 capsula
1420 1309 1568 1344 ovoidea
1593 1308 1749 1353 calycem
1775 1318 1834 1342 ex-

127 1359 283 1403 cedente,
311 1360 502 1394 seminibus
522 1360 664 1394 minutis
687 1360 939 1404 pyriformibus
958 1358 1184 1404 compressis,
1211 1357 1369 1400 margine
1395 1356 1508 1391 altero
1533 1355 1634 1389 valde
1660 1355 1834 1390 incrassa-

124 1407 188 1450 tis,
223 1407 300 1442 basi
325 1408 537 1449 attenuatis,
571 1407 634 1441 sub
661 1407 756 1441 lente
788 1406 1021 1441 minutissime
1054 1404 1304 1443 tuberculatis.
1338 1404 1449 1449 primo
1484 1402 1660 1438 subt'useis
1694 1401 1834 1436 demum

126 1454 226 1489 atris.
253 1474 296 1478 —
323 1453 414 1488 Tota
438 1454 566 1498 planta
591 1453 730 1488 sordide
755 1454 931 1489 virescens
956 1465 987 1487 v.
1013 1463 1214 1488 canescens.

222 1518 263 1552 In
288 1518 383 1561 agris
408 1518 565 1562 locisque
590 1518 749 1553 arenosis
777 1524 812 1552 et
844 1518 1021 1553 ruderatis
1047 1517 1201 1560 regionis
1226 1515 1382 1549 inferior.
1409 1514 1604 1558 Hispaniae
1629 1513 1774 1548 central.
1800 1519 1835 1547 et

175 1565 322 1600 austral.
348 1565 498 1610 passim:
530 1565 566 1599 in
591 1570 741 1609 utraque
767 1565 860 1600 Cast.
887 1565 937 1608 (in
961 1564 1090 1609 plateis
1117 1563 1265 1597 Madriti
1290 1563 1419 1605 frequ„
1446 1573 1475 1595 c.
1502 1560 1692 1604 Aranjuez,
1718 1560 1834 1594 LGE.!

176 1612 222 1646 ad
247 1612 424 1653 canalem,
453 1623 495 1646 en
521 1613 552 1646 el
580 1612 710 1656 Molar,
737 1624 789 1656 pr.
815 1611 1036 1652 Valladolid,
1064 1610 1238 1653 TEXID.),
1265 1620 1372 1652 regno
1399 1608 1538 1642 Valent.
1565 1607 1625 1649 (ad
1650 1608 1683 1641 S.
1711 1607 1836 1651 Felipe

177 1658 219 1692 de
245 1658 374 1699 Jativa,
401 1659 608 1701 BOURG.!),
639 1659 752 1693 Murc.
779 1659 894 1703 (juxta
918 1670 1037 1693 muros
1062 1658 1096 1692 in
1123 1657 1208 1691 urbe
1233 1656 1389 1698 Murcia,
1417 1654 1582 1696 Gmffl),
1609 1654 1757 1688 Granat.
1783 1654 1834 1697 (in

175 1706 305 1750 plateis
330 1706 567 1747 Alhambrae,
602 1705 719 1749 LGE.,
752 1706 786 1739 in
813 1716 922 1740 arena
954 1705 1075 1740 mobili
1109 1716 1160 1749 pr.
1186 1705 1262 1738 urb.
1288 1702 1451 1745 Malaga,
1489 1701 1596 1745 ΨΚ,
1623 1701 1762 1745 Bss.‘.>).
1789 1720 1829 1725 —

180 1756 221 1794 O
247 1752 469 1797 Apu—hm.
493 1753 537 1796 (v.
563 1752 606 1796 v.)

223 1811 315 1845 Hah.
341 1822 479 1855 quoque
504 1811 539 1844 in
565 1810 656 1844 Gall.
683 1810 842 1845 australi.

224 1893 326 1925 3318.
376 1894 413 1925 S.
440 1894 603 1925 marina
638 1891 827 1935 (Arenaria
859 1891 997 1925 marina
1030 1891 1151 1925 PALL.
1178 1890 1219 1924 It.
1246 1901 1334 1925 ross.
1364 1889 1436 1931 III,
1463 1901 1497 1933 p.
1523 1889 1591 1922 603
1617 1887 1757 1932 [1776]‚
1793 1888 1835 1921 A.

129 1939 238 1972 rubra
263 1941 301 1980 β.
328 1939 466 1972 marina
491 1938 531 1972 L.
551 1939 608 1983 Sp.
635 1938 694 1983 pl.7
721 1938 839 1973 ROTH
865 1938 968 1973 Tent.
994 1937 1028 1972 fl.
1056 1949 1164 1981 germ.
1192 1937 1238 1980 II,
1268 1939 1296 1980 l,
1322 1949 1355 1981 p.
1375 1937 1443 1970 482
1469 1935 1602 1981 [1789]‚
1628 1934 1753 1969 PLAN.
1780 1935 1834 1969 Fi.

131 1985 214 2028 gall.
242 1997 275 2030 p.
306 1988 388 2020 130!
416 1986 457 2019 A.
484 1985 752 2030 heterosperma
777 1984 894 2019 GUSS.
913 1984 994 2028 Syn.
1020 1984 1055 2018 fl.
1082 1986 1142 2019 sic.
1169 1985 1196 2029 I,
1222 1985 1353 2028 1).501Ἴ
1380 1984 1422 2017 A.
1444 1982 1630 2027 halophila
1655 1982 1751 2015 BGE.
1778 1993 1834 2026 ap.

130 2032 229 2066 LED.
256 2032 310 2067 Fl.
336 2032 409 2067 Alt.
436 2032 457 2066 l.
485 2045 512 2067 c.
539 2038 573 2067 et
599 2033 646 2066 Ic.
673 2038 695 2067 t.
723 2034 809 2066 414!
846 2032 971 2066 Alsine
1002 2033 1138 2066 marina
1173 2031 1210 2069 β.
1244 2031 1356 2065 minor
1379 2031 1464 2064 BSS.
1492 2029 1579 2074 Voy.
1610 2029 1682 2063 bot.
1707 2041 1740 2073 p.
1768 2029 1832 2063 97!

130 2079 351 2123 Lepigonum
376 2079 529 2113 medium
558 2078 756 2113 WAHLBG.
791 2079 844 2114 Fl.
876 2078 1027 2114 Gothob.
1060 2091 1093 2123 p.
1120 2080 1164 2111 45
1190 2077 1328 2123 [1820],
1365 2077 1434 2111 ΕΒ.
1460 2076 1568 2110 Herb.
1600 2087 1708 2110 norm.
1736 2075 1836 2119 VIII,

130 2138 163 2160 n.
190 2128 252 2160 37!
287 2126 374 2170 Lep.
408 2127 558 2160 salinum
584 2126 655 2160 FR.
681 2126 796 2160 Mant.
823 2125 895 2167 III,
928 2138 961 2170 p.
987 2127 1051 2169 42,
1087 2125 1316 2170 Spergularia
1347 2124 1461 2159 salina
1486 2123 1632 2157 PRESL,
1658 2123 1713 2156 Fl.
1738 2123 1836 2157 cech.

130 2172 270 2218 [1819],
309 2173 431 2217 Sperg.
460 2172 575 2207 media
609 2185 643 2207 cz.
670 2173 939 2218 heterosperma
963 2172 1054 2206 FZL.
1089 2173 1111 2206 l.
1138 2184 1184 2216 c.‚
1222 2171 1293 2205 GR.
1319 2171 1449 2206 GODR.
1477 2171 1499 2203 l.
1526 2182 1554 2204 c.
1590 2182 1622 2214 p.
1650 2171 1737 2204 276!
1777 2170 1834 2214 Sp.

133 2220 250 2254 media
274 2220 359 2254 BSS.
386 2220 436 2254 Fl.
462 2220 587 2255 orient.
613 2220 635 2253 1.
662 2221 717 2263 c.).
765 2220 894 2253 Annua
919 2225 980 2254 aut
1004 2220 1184 2264 perennis,
1220 2219 1346 2261 glabra
1378 2224 1413 2253 et
1438 2227 1590 2261 superne
1615 2216 1838 2260 glanduloso-

131 2267 305 2312 puberula
329 2272 390 2300 aut
414 2267 530 2301 rarius
556 2266 695 2301 omnino
721 2266 1144 2311 glanduloso-pubescens
1170 2272 1205 2300 et
1230 2264 1372 2309 viseida,
1398 2265 1559 2299 caulibus
1575 2263 1836 2308 procumbenti-

131 2315 196 2349 bus
222 2326 251 2347 v.
278 2313 591 2356 adscendentibus,
619 2313 888 2348 subclichotome
913 2319 947 2347 et
973 2324 1079 2358 saepe
1105 2311 1484 2356 divaricato-ramosis,
1511 2311 1648 2345 6—lO“
1674 2310 1717 2355 1.;
1743 2310 1836 2345 foliis

135 2361 265 2396 crassis
292 2360 563 2405 subcylindricis
589 2361 824 2403 mucronatis,
858 2360 999 2404 stipulis
1026 2359 1166 2395 sordide
1192 2359 1385 2394 virentibus
1410 2370 1479 2393 non
1509 2357 1735 2398 micantibus,
1766 2357 1837 2391 late

133 2407 246 2442 ovatis
272 2407 476 2450 cuspidatis,
504 2408 574 2442 late
600 2408 775 2448 connatis,
803 2407 904 2452 quasi
931 2408 1097 2442 ochream
1123 2407 1393 2452 cupuliformem
1417 2406 1560 2440 brevem
1584 2404 1837 2447 formantibus3

135 2454 246 2499 cymis
272 2454 385 2498 primo
417 2453 628 2489 dichotomis
660 2461 785 2499 postea
819 2455 1061 2497 racemigeris,
1100 2453 1145 2488 ad
1178 2465 1331 2489 summos
1365 2452 1471 2488 flores
1505 2462 1614 2495 usque
1644 2451 1778 2485 foliatis
1803 2456 1837 2484 et

133 2501 558 2546 stipulaceo-bracteatis,
594 2502 744 2536 racemis
783 2512 890 2546 saepe
924 2501 1026 2535 valde
1059 2501 1234 2543 elongatis
1268 2499 1457 2544 laxifloris3
1496 2497 1681 2544 pedicellis
1718 2497 1838 2541 calyce

134 2548 239 2594 paulo
265 2547 498 2591 longioribus,
524 2548 717 2583 fructiferis
744 2549 949 2591 rectangule
968 2548 1171 2592 patentibus
1196 2560 1225 2582 v.
1253 2547 1431 2589 refractis,
1459 2545 1589 2590 sepalis
1618 2543 1790 2587 1'l2—-2m
1815 2544 1838 2577 l.

133 2594 341 2630 lanceolatis
364 2594 500 2629 obtusis
525 2600 672 2638 anguste
698 2595 1020 2638 albo-marginatis,
1055 2594 1186 2639 petalis
1217 2595 1376 2629 obovatis
1409 2593 1529 2637 calyce
1553 2591 1769 2634 longioribus
1794 2600 1838 2624 ex

134 2643 215 2677 albo
240 2641 362 2684 roseis,
389 2641 596 2676 staminibus
614 2643 674 2675 5—-
687 2644 747 2679 10:
775 2642 923 2687 capsula
945 2642 1102 2687 calycem
1129 2646 1331 2689 superante,
1358 2639 1550 2675 seminibus
1575 2637 1734 2673 obovatis
1760 2638 1839 2672 sub-

136 2688 388 2734 pyriformibus
406 2688 632 2732 compressis,
657 2689 813 2724 faciebus
839 2689 1015 2732 rugulosis
1040 2701 1069 2723 v.
1096 2689 1265 2731 laevibus,
1290 2688 1447 2730 margine
1473 2696 1598 2731 parum
1623 2684 1840 2728 incrassatis,

136 2735 272 2780 apteris
289 2740 350 2769 aut
373 2734 600 2769 inferioribus
617 2735 839 2779 paucissimis
858 2736 974 2777 alatis,
1000 2736 1271 2779 nigricantibus.
1293 2755 1332 2758 —
1360 2734 1490 2768 Planta
1514 2731 1629 2776 quoad
1655 2736 1838 2775 staturam,

136 2782 415 2817 internodiorum
439 2781 672 2825 foliorumque
696 2782 951 2826 longitudinem
977 2789 1012 2818 et
1036 2782 1277 2817 indumentum
1301 2781 1388 2816 satis
1414 2779 1659 2824 polymorpha.

234 2846 274 2879 In
299 2845 385 2880 locis
410 2845 584 2886 arenosis,
619 2844 796 2880 ruderatis
822 2846 996 2890 cultisque
1021 2846 1175 2889 regionis
1199 2845 1355 2879 inferior.
1382 2843 1574 2888 praecipue
1599 2842 1769 2884 litoralis,
1804 2842 1840 2876 in

186 2891 359 2936 Hispania
386 2892 544 2926 interiori
570 2891 699 2926 rarior:
726 2892 762 2925 in
787 2892 922 2928 Gallec.
948 2893 1030 2937 (Ria
1055 2893 1097 2927 de
1123 2891 1352 2928 Pontevedra.
1378 2902 1428 2935 pr.
1456 2891 1491 2924 la
1515 2889 1666 2933 Corufia,
1691 2888 1841 2932 PLAN.),

186 2949 270 2981 agro
296 2938 438 2973 Madrit.
464 2938 640 2982 (COLM.),
666 2938 821 2982 Aragon.
847 2940 993 2975 austral.
1021 2940 1086 2984 (pr.
1113 2939 1312 2977 Calaceite,
1338 2936 1508 2979 LOSC.!),
1542 2936 1653 2971 Catal.
1681 2937 1729 2977 (in
1753 2947 1839 2979 agro

185 2986 381 3030 Barcinon,
407 2986 543 3020 CSTA.!
570 2986 604 3020 in
631 2997 767 3020 arenos.
793 2986 925 3029 marit.,
952 2987 1093 3027 COLM.,
1125 2986 1161 3019 in
1187 2984 1395 3027 salsugines.
1421 2983 1592 3019 ditionum
1616 2983 1652 3017 la
1677 2983 1840 3026 Segarra,

188 3032 220 3066 el
246 3032 359 3076 UrJeI,
385 3043 438 3077 pr.
465 3033 568 3067 Prats
595 3032 637 3066 de
660 3032 747 3077 Rey,
773 3032 928 3077 PU1GG),
954 3044 1062 3076 regno
1080 3033 1221 3067 Valent.
1247 3031 1398 3075 (Huerta
1423 3030 1465 3066 de
1482 3030 1654 3066 Valencia
1678 3029 1715 3064 in
1738 3028 1841 3064 rude-
