1976 3314
886 164 981 209 6417

281 288 408 323 Rcmz.
433 287 481 322 10.
505 286 529 324 f.
555 286 664 322 5056!
699 285 826 332 [forma
850 283 1068 329 dissitiflora]
1094 278 1163 320 noh
1187 266 1239 330 142,
1267 284 1299 319 s,
1324 284 1493 321 littoralis
1519 284 1681 330 sonno„
1710 298 1776 322 uon

282 336 437 370 POURR.
464 344 528 369 nec
554 334 715 379 PLAN.);

213 392 253 435 β,
278 391 546 427 Lusitanica
561 391 648 438 (L.),
673 390 830 436 pilosior,
855 388 1039 434 calycibus
1063 388 1259 424 fructiferis
1284 388 1554 424 horizontaliter
1570 391 1787 433 patentibus.

281 439 410 474 infimis
437 437 614 473 interdum
640 438 785 473 reflexis
812 437 863 482 (S.
888 436 1096 471 Lusitanica
1121 435 1163 469 L.
1190 435 1216 470 l.
1243 446 1295 477 c.,
1321 435 1433 470 DILL.
1458 435 1494 471 h.
1520 436 1618 471 Elth.
1646 449 1681 482 p.
1707 439 1786 479 420„

280 491 305 522 t.
331 487 412 530 311,
436 485 459 520 f.
486 487 574 522 401!
625 485 657 520 S.
687 485 827 520 Gallica
851 486 888 527 β.
917 483 1112 518 divaricata
1137 482 1208 517 GR.
1236 481 1366 517 GODR..
1392 483 1414 516 l.
1441 482 1506 527 c.);

221 557 256 591 9).
281 544 480 588 Anglica
506 544 600 590 (L.),
625 543 818 587 ramosior,
843 542 959 577 minus
983 540 1120 586 pilosa,
1148 539 1318 575 cincinnis
1344 539 1580 580 dissitifloris,
1607 541 1788 586 calycibus

280 591 475 626 fructiferis
501 591 662 627 omnibus
687 590 833 626 reflexis
861 589 907 634 (S.
934 588 1086 632 Anglica
1110 587 1151 622 L.
1177 587 1199 623 l.
1223 598 1263 633 c.,
1289 587 1383 622 AMO
1410 588 1433 622 l.
1460 598 1501 633 c.,
1528 600 1562 634 p.
1590 589 1658 622 202
1684 588 1786 634 [excl.

280 638 429 684 synon.],
457 638 568 672 DILL.
595 639 618 673 l.
644 649 673 673 c.
699 643 722 673 t.
751 638 830 682 309,
855 636 879 671 f.
906 635 1028 681 398!);

219 695 251 731 δ.
277 696 610 741 quinquevulne
621 706 667 730 ra
709 695 802 741 (L.),
843 693 1044 740 petalorum
1079 692 1185 728 limbo
1222 691 1420 737 majusculo
1459 692 1597 736 integro
1639 693 1787 738 puniceo

279 743 579 788 albo-marginato
619 756 649 779 v.
687 743 768 778 albo
806 740 1150 787 puniceo—maculato
1189 738 1236 785 (S.
1277 739 1579 784 quinquevulnera
1614 739 1656 777 L.
1697 741 1720 775 l.
1747 751 1787 786 c.,

279 790 406 826 ROHB.
431 791 480 826 Ie.
507 791 530 826 l.
556 802 585 826 c.
610 790 632 825 f.
661 790 765 831 5054,
791 789 863 834 βῐ).

164 848 206 882 In
231 848 319 884 locis
344 850 512 894 arenosis,
540 849 642 893 arvis,
669 849 776 892 agris,
802 848 894 883 inter
920 851 1059 891 segetes
1084 845 1238 890 regionis
1263 844 1462 888 inferioris,
1501 857 1535 879 α.
1560 855 1624 889 per
1650 854 1786 880 omnem

121 893 332 940 Hispaniam
359 896 420 931 sed
446 896 483 930 in
508 896 665 941 provinc.
690 894 959 931 mediterraneis
986 893 1221 938 frequentior,
1261 895 1299 935 β.
1324 904 1360 937 ff.
1387 897 1422 928 et
1449 892 1481 926 ὁ.
1518 891 1600 926 hinc
1626 891 1707 926 inde
1733 892 1788 937 (β.

119 953 148 976 v.
175 953 202 977 c.
228 954 284 988 pr.
310 943 488 987 Aranjuez
514 943 560 978 ad
586 943 667 977 Mar
693 942 735 977 de
761 942 944 986 Ontigola,
971 941 1082 984 CUT.,
1119 940 1155 974 in
1181 950 1266 983 agro
1292 938 1439 975 Madrit.
1465 938 1510 973 ad
1534 940 1569 974 la
1595 939 1788 981 Moralesa,

120 988 234 1025 CAV.!
261 990 355 1025 inter
371 996 522 1035 segetes,
547 990 690 1025 PROL.!
718 991 753 1025 in
769 1000 855 1032 agro
872 988 1045 1031 Malacit.,
1071 987 1158 1022 Hs!
1184 1000 1220 1031 ff.
1246 998 1299 1031 pr.
1318 986 1526 1030 Santander,
1552 985 1664 1030 LGE.,
1691 986 1724 1020 ὁ.
1752 986 1788 1020 in

118 1046 205 1079 agro
230 1036 377 1072 Madrit.
403 1042 509 1081 atque
534 1037 579 1072 ad
606 1037 715 1072 radic.
741 1036 870 1071 montis
896 1034 1105 1079 Saguntini,
1132 1033 1253 1077 CAV.).
1303 1033 1435 1068 Forma
1459 1033 1627 1068 littoralis
1653 1043 1724 1068 var.
1752 1046 1786 1068 α.

119 1083 170 1126 (S.
195 1084 364 1119 littoralis
390 1083 531 1128 JORD.)
568 1083 716 1119 fioribus
754 1083 969 1119 distantibus
1003 1086 1039 1117 et
1062 1081 1265 1115 indumento
1291 1080 1393 1115 valde
1419 1080 1596 1124 glutinoso
1621 1080 1788 1124 insignita

121 1131 156 1164 in
185 1131 360 1167 sabulosis
385 1131 573 1167 maritimis
591 1130 773 1166 Galleciae
800 1131 865 1175 (pr.
892 1130 924 1165 el
941 1129 1081 1173 Ferrol,
1107 1128 1219 1174 Lugo,
1245 1127 1347 1172 Vigo,
1372 1127 1506 1168 LGE.!)
1531 1132 1566 1162 et
1590 1137 1674 1162 orae
1699 1126 1787 1162 Gra-

119 1183 191 1214 nat.
217 1178 269 1224 (la
294 1178 481 1214 Dehesilla
506 1190 559 1223 pr.
584 1178 742 1223 Malaga,
767 1177 872 1220 WK.)
898 1181 1042 1222 reperta
1066 1181 1133 1211 est.
1160 1194 1203 1199 —
1233 1178 1285 1217 Q).
1313 1174 1534 1219 Apu-sun.
1561 1174 1608 1219 (v.
1633 1174 1692 1219 v.).

165 1236 258 1272 Hab.
285 1248 378 1283 spec.
405 1238 441 1273 in
467 1237 614 1284 Europa
638 1237 756 1272 media
781 1236 946 1280 omnique
971 1245 1060 1270 zona
1085 1233 1359 1278 Mediterranea,
1385 1233 1477 1268 unde
1503 1232 1548 1267 ad
1578 1232 1687 1268 totius
1712 1231 1786 1266 fere

119 1284 213 1320 orbis
236 1289 415 1320 terrarum
440 1284 560 1321 littora
585 1285 762 1320 translata
787 1289 822 1320 et
847 1284 1114 1328 subspontanea
1139 1281 1236 1316 facta
1261 1286 1326 1316 est.

164 1366 268 1400 4375.
319 1368 356 1400 S.
384 1368 657 1401 cerastioides
695 1365 735 1399 L.
772 1365 855 1402 Cod.
896 1376 929 1399 n.
956 1365 1069 1399 3243!
1119 1362 1279 1398 ROHRB.
1306 1361 1327 1396 1.
1355 1373 1383 1397 c.
1409 1373 1443 1406 p.
1470 1362 1530 1396 98!
1583 1360 1707 1396 RCHB.
1734 1360 1785 1396 Ic.

70 1410 120 1446 Ic.
145 1410 169 1447 1.
195 1423 224 1448 c.
250 1412 274 1447 f.
302 1413 413 1448 5057!
465 1413 554 1447 WK.
582 1413 629 1449 Ic.
660 1413 688 1457 I,
713 1425 746 1458 p.
774 1413 830 1457 52,
855 1417 880 1447 t.
907 1413 965 1447 37!
1007 1412 1102 1446 AMO
1126 1410 1148 1445 l.
1175 1422 1205 1445 c.
1231 1422 1263 1454 p.
1291 1411 1375 1444 201!
1411 1408 1458 1454 (S.
1486 1413 1667 1444 coarctata
1684 1407 1785 1444 LAG.

69 1457 155 1493 Gen.
182 1471 235 1504 sp.
261 1471 294 1494 n.
324 1460 408 1495 193!
459 1460 615 1497 BOURG.
650 1460 697 1505 pl.
725 1459 826 1505 Hisp.
866 1469 939 1494 exs.
965 1469 998 1493 11.
1028 1459 1116 1492 1547
1144 1464 1179 1493 ct
1208 1459 1311 1492 1701!
1364 1455 1397 1491 S.
1424 1455 1578 1490 disticha
1604 1455 1716 1490 WBB.
1743 1455 1785 1490 It.

70 1517 104 1550 p.
132 1507 193 1542 66!
233 1517 303 1541 non
329 1506 389 1542 W.
406 1536 414 1552 ,
440 1507 473 1542 S.
500 1512 657 1543 rostrata
683 1507 781 1542 DUF.
807 1508 844 1542 in
868 1506 961 1542 Bull.
989 1516 1059 1541 soc.
1085 1505 1156 1539 bot.
1183 1504 1242 1539 Fr.
1272 1504 1372 1547 1860,
1399 1514 1432 1547 p.
1458 1504 1547 1537 244!
1597 1501 1630 1537 S.
1657 1503 1786 1537 sciero-

69 1563 178 1598 carpa
202 1553 300 1589 DUF.
326 1553 349 1588 l.
376 1565 406 1589 c.
432 1566 466 1599 p.
478 1555 592 1600 2451).
626 1553 755 1590 Differt
781 1565 802 1589 a
826 1553 990 1599 praeced.
1017 1552 1132 1586 nervis
1159 1550 1290 1596 calycis
1316 1549 1414 1585 venis
1439 1550 1784 1585 anastomosantibus

67 1601 275 1645 conjunctis,
301 1601 525 1646 anthophoro
550 1602 751 1646 conspicuo,
777 1601 976 1646 petalorum
1002 1599 1109 1634 limbo
1134 1597 1309 1643 profunde
1327 1597 1509 1641 bipartito,
1535 1607 1685 1631 coronae
1702 1596 1786 1631 laci-

69 1647 138 1682 niis
166 1658 272 1693 saepe
296 1648 333 1683 in
357 1648 481 1684 tubum
506 1649 686 1693 connatis,
711 1647 904 1682 filamentis
930 1647 1081 1691 glabris,
1119 1645 1266 1690 capsula
1290 1648 1447 1679 rostrata
1471 1643 1660 1689 conspicue
1686 1643 1785 1688 stipi-

68 1699 156 1739 tata,
183 1695 374 1731 seminibus
401 1695 503 1730 dorso
528 1695 703 1740 profunde
728 1694 974 1730 canaliculatis
999 1693 1230 1729 transversim
1250 1691 1437 1736 rugulosis,
1463 1691 1584 1736 calyce
1602 1691 1785 1726 fructifero

68 1742 164 1776 infra
188 1742 372 1788 capsulam
398 1743 600 1778 constricto.
628 1763 671 1767 -
696 1742 920 1781 Pubescens,
957 1750 1147 1785 numquam
1174 1739 1382 1783 glandulosa
1407 1748 1471 1773 nec
1495 1737 1644 1781 viscida,
1683 1737 1784 1772 caule

69 1794 187 1824 erecto
212 1801 242 1825 v.
269 1789 507 1825 adscendente
532 1800 671 1825 ramoso
696 1789 835 1823 4—10“
862 1789 906 1832 ].,
940 1787 1035 1823 foliis
1062 1786 1513 1832 spathulato-lanceolatis,
1551 1786 1682 1830 acutis,
1708 1785 1784 1819 basi

68 1836 219 1881 cibatis,
245 1836 417 1872 cincinnis
443 1836 665 1881 densifioris,
690 1836 838 1872 floribus
864 1835 1018 1871 breviter
1042 1833 1287 1879 pedicellatis,
1313 1833 1434 1878 calyce
1460 1832 1623 1875 oblongo,
1648 1831 1782 1877 petalo-

68 1895 145 1917 rum
170 1883 278 1918 limbo
304 1894 413 1929 parvo
440 1884 501 1919 sed
526 1888 679 1927 exserto,
704 1894 817 1929 roseo,
844 1883 964 1928 calyce
982 1880 1165 1917 fructifero
1183 1881 1317 1927 patulo,
1343 1879 1490 1925 capsula
1507 1878 1654 1920 inclusa,
1681 1879 1784 1914 semi-

68 1930 170 1966 nibus
194 1931 312 1976 parvis
337 1930 458 1974 nigris.

165 1988 206 2022 In
231 1988 322 2023 arvis
348 1989 558 2034 maritimis,
597 1988 745 2025 collibus
784 1987 956 2024 calcareis
982 1985 1093 2021 aridis
1119 1985 1272 2029 regionis
1297 1985 1453 2022 inferior.
1481 1984 1678 2030 Hispaniae
1704 1994 1783 2019 cen-

118 2035 211 2076 traL,
237 2036 400 2071 oriental.
426 2041 461 2071 et
485 2037 655 2071 australis
680 2036 832 2081 passim:
871 2035 907 2069 in
934 2034 1028 2069 Cast.
1055 2044 1145 2068 nova
1171 2033 1271 2077 (agro
1297 2033 1463 2077 Madrit.,
1489 2033 1606 2072 PAL.,
1632 2031 1675 2066 ad
1701 2032 1784 2066 Mar

117 2082 159 2117 de
185 2082 351 2127 Ontigola
374 2095 428 2128 pr.
454 2083 645 2128 Aranjuez,
672 2083 797 2127 CUT.),
837 2082 949 2117 Catal.
977 2080 1194 2125 (Monjuich,
1230 2080 1364 2115 CSTA.!
1401 2080 1445 2114 ad
1472 2080 1504 2113 S.
1532 2079 1655 2114 Carlos
1681 2078 1723 2113 de
1748 2079 1783 2113 la

119 2129 262 2175 Rapita,
289 2130 432 2175 CSTA.),
460 2141 567 2175 regno
595 2131 736 2166 Valent.
764 2132 829 2174 (pr.
857 2130 889 2164 S.
916 2129 945 2163 F
949 2129 1042 2173 elipe
1069 2128 1112 2162 de
1126 2127 1256 2171 Jativa,
1282 2127 1391 2167 DUF.,
1419 2127 1455 2160 in
1480 2126 1640 2161 arenosis
1651 2125 1782 2160 Valen-

119 2177 202 2223 tiae,
228 2176 356 2222 LAG.),
381 2178 496 2212 Mure.
522 2178 575 2223 (in
601 2188 751 2220 arenos.,
777 2177 889 2221 LAG.,
915 2187 968 2221 pr.
988 2175 1173 2219 Murciam,
1200 2173 1334 2209 GUIR.!
1362 2174 1483 2209 Sierra
1508 2173 1564 2208 del
1581 2173 1712 2207 Puerto
1738 2172 1781 2207 de

116 2223 316 2259 Garruchal
343 2228 378 2258 et
401 2236 455 2269 pr.
482 2224 701 2271 Cartagena,
741 2224 951 2269 BOURG.!),
977 2222 1123 2257 Granat.
1150 2223 1195 2267 (c.
1222 2221 1386 2267 Malaga,
1412 2220 1572 2265 SALZM.,
1597 2220 1711 2264 HS.!).
1736 2239 1780 2245 —

118 2274 172 2312 O.
198 2270 297 2316 Apr.,
323 2271 418 2315 Majo
444 2271 490 2316 (v.
516 2272 570 2315 s.).

163 2327 256 2362 Hab.
281 2339 418 2372 quoque
444 2329 478 2363 in
502 2329 636 2374 Alger.,
660 2328 752 2373 Ital,
778 2327 943 2373 Carniol.,
969 2326 1140 2370 Carinth.,
1165 2325 1294 2360 Graec.
1319 2330 1355 2360 et
1379 2325 1467 2361 Asia
1491 2325 1637 2361 minore.

166 2412 271 2445 4376.
322 2413 359 2445 S.
386 2414 622 2446 tridentata
647 2411 766 2446 DEsF.
794 2411 848 2444 Fl.
874 2410 946 2446 Atl.
973 2410 1006 2453 I,
1033 2422 1066 2455 p.
1093 2409 1179 2444 349!
1230 2407 1389 2443 ROHRB.
1414 2408 1436 2443 1.
1463 2419 1491 2442 c.
1518 2420 1552 2452 p.
1578 2409 1641 2443 99!
1690 2408 1776 2442 Bss.

70 2458 159 2502 Voy.
184 2458 256 2493 bot.
284 2457 371 2502 Esp.
396 2471 429 2503 p.
455 2460 519 2494 88!
547 2459 636 2495 excl.
665 2469 798 2504 synon„
824 2457 913 2491 WK.
939 2457 986 2492 Ic.
1012 2457 1032 2491 l.
1060 2467 1088 2491 c.
1115 2468 1150 2501 p.
1176 2457 1231 2500 51,
1257 2460 1281 2490 t.
1310 2457 1371 2490 36!
1414 2455 1508 2490 AMO
1534 2455 1556 2489 l.
1581 2466 1609 2489 c.
1636 2467 1668 2499 p.
1688 2456 1775 2489 201!

74 2505 230 2539 BOURG.
255 2505 303 2549 pl.
329 2505 430 2550 Hisp.
458 2517 531 2541 exs.
556 2517 588 2540 n.
617 2507 720 2541 1702!
758 2505 806 2545 (S.
832 2504 993 2549 calycina
1017 2503 1165 2538 SALZM.
1191 2513 1259 2538 non
1284 2502 1414 2546 PRSL.,
1440 2502 1473 2536 S.
1500 2506 1655 2537 rostrata
1679 2502 1776 2535 DUF.

69 2552 119 2597 pl.
144 2562 229 2597 exs.,
256 2552 413 2597 Lychnis
439 2553 623 2597 sylvestris
649 2552 709 2588 VI.
736 2552 851 2587 CLUS.
880 2552 972 2586 Hist.
997 2551 1047 2596 pl.
1064 2563 1097 2596 p.
1115 2549 1226 2594 2901).
1262 2549 1430 2584 Scabride
1448 2550 1658 2594 pubescens,
1676 2547 1776 2582 caule

69 2604 187 2634 erecto
213 2611 242 2633 v.
269 2598 525 2644 adscendente,
551 2600 754 2635 alternatim
779 2610 937 2643 ramoso,
962 2608 1069 2643 saepe
1095 2597 1249 2639 furcato,
1278 2596 1401 2641 1s2—1¹
1428 2596 1469 2640 l.;
1511 2595 1606 2630 foliis
1632 2595 1776 2639 spathu-

72 2646 385 2691 lato-lanceolatis,
411 2646 456 2681 ad
481 2646 583 2681 basin
608 2646 711 2690 longe
736 2646 886 2692 ciliatis3
927 2644 1074 2681 floribus
1098 2644 1306 2680 brevissime
1331 2642 1552 2688 pedicellatis
1579 2641 1777 2676 subsessili-

71 2694 137 2728 bus
163 2693 243 2728 laxe
270 2693 428 2738 spicatis,
455 2694 610 2728 bracteis
627 2694 762 2737 magnis
787 2693 990 2738 herbaceis;
1018 2692 1137 2736 calyce
1156 2691 1230 2725 sub.
1248 2690 1343 2724 anth.
1361 2689 1569 2733 lanceolato,
1595 2688 1776 2723 fructifero

70 2740 336 2784 ovato-globoso
363 2740 427 2775 sub
453 2739 619 2775 dentibus
644 2741 771 2775 eximie
795 2745 986 2784 contracte,
1010 2739 1095 2774 tubo
1111 2737 1368 2781 viridi-striato,
1392 2736 1488 2771 venis
1514 2740 1777 2771 anastomosan-

69 2788 163 2823 tibus
189 2787 333 2833 munito,
362 2786 528 2822 dentibus
554 2787 679 2831 longis,
706 2788 865 2831 angustis
892 2786 1078 2829 subulatis,
1103 2785 1263 2827 margine
1288 2783 1419 2818 ciliatis
1444 2788 1479 2817 et
1504 2782 1606 2827 apice
1630 2782 1777 2827 penicil-

71 2834 167 2880 latis,
191 2834 391 2880 petalorum
416 2834 590 2878 unguibus
614 2834 716 2870 fauce
740 2835 776 2869 in
799 2835 921 2869 tubum
947 2832 1130 2875 connatis,
1155 2831 1262 2864 limbo
1288 2829 1434 2875 parvulo
1458 2829 1516 2864 vix
1541 2835 1700 2874 exserto,
1725 2830 1776 2865 bi-

70 2882 213 2925 partito,
238 2881 350 2917 dilute
375 2891 488 2926 roseo,
514 2891 642 2916 corona
665 2881 881 2925 abbreviata,
907 2879 1097 2915 filamentis
1123 2877 1271 2921 glabris:
1314 2876 1460 2920 capsula
1485 2876 1678 2922 subsessili,
1704 2876 1776 2920 glo-

69 2928 159 2964 bosa
182 2928 285 2973 longe
310 2933 477 2972 rostrata,
503 2928 652 2972 inclusa,
679 2928 869 2963 seminibus
894 2932 933 2962 ut
958 2928 994 2961 in
1019 2936 1111 2970 spec.
1139 2923 1385 2969 praecedente.
1413 2943 1453 2947 —
1481 2924 1591 2969 Calyx
1610 2924 1736 2959 5-—6¹'‘
1754 2924 1776 2959 l.
1842 2954 1851 2960 .

73 2976 300 3015 10-costatus,
325 2975 447 3011 dentes
474 2976 602 3010 2—3“‘
626 2975 731 3018 longi.
781 2975 902 3010 Cauiis
924 2973 1059 3008 inferne
1086 2981 1190 3016 saepe
1215 2980 1486 3014 purpurascens.

164 3032 206 3067 In
230 3033 388 3069 arenosis
413 3033 566 3077 regionis
591 3033 748 3068 inferior.
775 3033 952 3068 Castellae
977 3041 1052 3065 nov.
1078 3029 1183 3074 (rara,
1208 3039 1260 3072 pr.
1275 3028 1463 3073 Aranjuez,
1490 3028 1617 3072 TIMB„
1641 3028 1774 3063 Puerto

120 3078 303 3126 Lapiche,
338 3080 490 3126 LGE.!),
516 3081 673 3124 Aragon.
698 3080 845 3116 austral.
872 3080 921 3125 (in
946 3078 1078 3113 ditione
1104 3076 1232 3111 Tierra
1255 3076 1337 3121 baJa
1361 3076 1493 3122 frequ.,
1528 3087 1556 3111 c.
1583 3076 1774 3121 Chiprana,
