1976 3314
886 120 973 164 781

126 240 291 285 Surnias,
318 239 470 274 POURR.
496 239 554 273 hb.
581 244 672 274 teste
698 239 829 283 LGE.)‚
864 250 971 283 regno
999 239 1138 275 Valent.
1165 241 1208 285 (c.
1235 240 1455 287 Vistabella,
1495 242 1712 288 Cinetorres,
1748 244 1783 279 iu

125 287 269 323 montib.
296 286 389 321 Cova
413 285 486 321 alta
510 291 545 320 ct
569 286 804 330 Pefiagolosa,
831 286 972 331 CAV.!).
1001 307 1041 311 —
1075 296 1111 328 ιι.
1138 288 1347 332 Apr.—Jul.
1375 290 1416 333 (v.
1442 289 1498 332 v.).

174 345 266 380 Hab.
291 344 326 378 in
351 343 442 378 Gall.
468 348 503 378 et
526 343 691 380 German.
719 345 886 390 australi,
913 344 1026 390 Helv.,
1052 345 1186 391 Austr.,
1212 346 1303 390 Ital„
1331 347 1438 389 Sicil„
1463 347 1630 392 Dalmat.,
1656 347 1784 393 Croat.,

125 391 254 438 Hung,
281 390 558 426 Transsilvania.

172 485 275 518 4652.
325 485 398 518 Ae.
427 485 696 518 ovalifolium
721 484 805 518 BSS.
839 484 894 518 Fl.
920 483 1053 519 Orient.
1079 484 1113 524 Ι,
1147 496 1181 529 p.
1208 484 1295 520 351!
1335 485 1414 529 (Ae.
1441 485 1591 521 saxatile
1616 498 1651 530 9³.
1678 486 1784 522 ovali-

82 530 206 565 folium
232 529 304 564 DC.
333 529 428 574 Syst.
455 530 499 574 II,
527 543 560 575 p.
588 531 670 566 559!
714 530 800 565 BSS.
826 531 914 575 Voy.
942 531 1029 576 Esp.
1056 543 1089 576 p.
1118 533 1172 576 52,
1198 536 1222 566 t.
1252 533 1304 576 14,
1331 534 1366 567 a!
1402 531 1489 566 WK.
1515 533 1562 578 pl.
1588 533 1692 578 Hisp.
1710 544 1784 569 exs.

82 579 197 618 1845,
236 588 268 611 n.
299 578 411 621 1079,
454 577 547 612 AMO
574 577 596 611 l.
623 589 650 612 c.
688 590 722 623 p.
750 579 835 613 613!
885 577 1076 623 Lepidium
1100 579 1338 622 marginatum
1358 578 1457 614 LAP.
1483 579 1576 615 Hist.
1603 581 1676 615 abr.
1701 581 1784 625 Pyr.

83 637 116 669 p.
143 625 211 657 365
237 629 273 658 et
298 623 449 668 Thlaspi
475 625 713 667 marginatum
738 624 836 660 LAP.
864 623 988 670 Suppl.
1013 637 1046 669 p.
1073 626 1118 659 90
1154 631 1247 660 teste
1274 625 1372 669 DC.).
1422 625 1550 661 Differt
1576 637 1597 661 a
1620 627 1784 672 praeced.

79 670 238 706 caulibus
263 670 499 712 abbreviatis,
525 672 620 705 foliis
646 672 865 706 brevioribus
891 672 1169 716 latioribusque,
1195 673 1355 708 caulibus
1381 684 1518 717 quoque
1545 674 1786 719 superioribus

77 717 234 753 ovalibus
259 718 418 761 obtusis,
455 729 595 754 racemo
619 719 803 753 fructifero
829 719 1034 754 abbreviato
1061 719 1242 764 densiore,
1281 720 1429 755 siliculis
1464 721 1571 756 latius
1597 721 1715 756 alatis.
1744 742 1784 746 —-

77 764 242 808 Humilis,
268 764 346 799 laxe
372 766 582 810 caespitosa,
609 765 770 800 caulibus
796 766 956 811 2—3“1.‚
983 766 1077 801 foliis
1104 767 1210 801 dense
1235 767 1450 812 aggregatis,
1476 768 1708 813 glaberrimis,
1734 768 1786 802 in-

76 811 167 846 fimis
194 821 300 856 saepe
327 812 508 857 oppositis,
534 813 602 847 alis
628 813 787 847 siliculae
812 813 1062 856 integerrimis.

172 871 213 904 In
240 871 413 914 glareosis
439 871 650 916 rupiumque
675 871 813 907 fissuris
839 873 993 915 regionis
1019 872 1127 917 alpin.
1154 877 1189 907 et
1215 872 1390 917 subalpin.
1417 872 1612 918 Hispaniae
1638 873 1785 907 austral.

128 922 163 952 et
188 918 491 953 austro-oriental.
519 918 651 953 rarius:
690 919 725 952 in
752 929 860 962 regno
886 919 1034 953 Granat.
1060 919 1104 953 ad
1130 919 1191 954 alt.
1219 920 1462 954 5500—(3500‘
1490 919 1627 964 (Sierra
1651 920 1787 963 Tejeda

126 963 170 998 ad
196 964 333 1000 Fuente
360 965 417 999 del
443 965 550 1009 Tejo,
575 966 678 1000 Bss.!
706 965 739 1000 S.
765 965 931 1009 Nevada,
959 966 1107 1007 RAMB.,
1143 966 1179 1000 in
1204 976 1335 1001 cacum.
1361 966 1533 1011 Dornajo,
1559 966 1658 1010 BSS.‚
1685 967 1787 1011 WK.,

125 1011 158 1045 S.
185 1011 228 1046 de
253 1011 365 1056 Lujar
389 1012 424 1046 in
451 1023 584 1047 summo
607 1013 693 1057 jugo
720 1018 755 1046 et
781 1013 894 1047 latere
921 1018 1051 1055 austr.,
1087 1012 1213 1058 WK.),
1246 1013 1388 1048 Valent.
1414 1013 1552 1058 (LAG.‘?
1589 1014 1624 1048 in
1651 1025 1784 1049 cacum.

124 1058 230 1093 Cerro
257 1059 300 1093 de
326 1059 397 1093 Sta.
425 1059 543 1095 Maria
569 1060 697 1095 montis
724 1059 843 1094 Sierra
870 1059 912 1094 de
938 1060 1048 1094 Chiva
1074 1060 1219 1104 rariss.‚
1259 1060 1374 1104 NVK).
1412 1081 1455 1085 -—
1492 1068 1528 1101 21.
1564 1060 1786 1104 Majo—Jul.

124 1105 169 1149 (v.
196 1106 253 1149 v.).

172 1163 263 1197 Hab.
291 1174 428 1208 quoque
455 1164 490 1198 in
515 1164 642 1209 Pyren.
670 1169 705 1200 et
730 1164 876 1200 Oriente
902 1163 1053 1208 (Gi-aee„
1081 1164 1197 1208 Creta,
1224 1163 1418 1209 Anatolia).

170 1221 275 1256 Obs.-
302 1222 358 1256 Ad
388 1223 479 1256 hanc
504 1222 662 1267 plantam
689 1223 733 1258 ab
758 1223 823 1258 Ae.
850 1223 995 1258 saxatili
1018 1222 1171 1257 fortasse
1197 1222 1361 1267 specifice
1387 1234 1455 1257 non
1481 1222 1684 1258 distinctam
1711 1234 1786 1267 per-

127 1267 240 1302 tinere
267 1280 405 1313 quoque
432 1269 568 1304 videtur
592 1270 664 1304 Ae.
689 1270 1005 1314 Almijarense
1032 1271 1124 1304 AMO
1151 1275 1185 1304 et
1212 1270 1356 1304 CAMPO
1390 1271 1425 1304 in
1452 1270 1556 1304 Amoi
1592 1269 1683 1305 flora
1707 1271 1729 1304 l.
1756 1282 1784 1305 c.

124 1327 158 1359 p.
186 1317 254 1350 613
283 1322 317 1350 et
343 1318 409 1350 614
437 1316 665 1361 descriptum,
691 1317 800 1362 stirps
825 1317 925 1351 nobis
951 1317 1083 1359 ignota,
1110 1317 1209 1361 cujus
1235 1318 1413 1362 specimen
1439 1318 1580 1352 unicum
1604 1318 1640 1351 in
1666 1323 1782 1352 monte

123 1362 242 1397 Sierra
268 1362 311 1397 de
335 1363 512 1407 AlmiJ'ara
536 1375 587 1408 pr.
614 1363 770 1398 Alhama
797 1375 818 1398 a
842 1364 885 1400 cl.
912 1363 1055 1399 CAMPO
1081 1364 1211 1399 lectum
1237 1369 1302 1399 est.

168 1454 272 1488 4653.
322 1457 397 1489 Ae.
423 1466 767 1497 monospermum
792 1455 836 1490 R.
862 1456 932 1491 BR.
957 1456 980 1491 l.
1007 1467 1035 1491 c.
1051 1483 1059 1498 ,
1100 1456 1172 1491 DC.
1205 1456 1227 1490 l.
1252 1467 1281 1491 c.
1307 1469 1340 1501 p.
1369 1457 1455 1491 5621
1508 1456 1686 1491 »Siliculis
1712 1456 1785 1491 uni-

75 1500 292 1536 locularibus
316 1503 571 1547 monospermis
596 1503 919 1547 indehiscentibus,
945 1504 1048 1548 apice
1074 1503 1323 1548 emarginatis,
1350 1503 1450 1537 caule
1476 1503 1663 1546 herbaceo,
1689 1503 1783 1539 foliis

73 1547 232 1583 ovalibus
249 1549 461 1585 obovatisve.
486 1568 529 1574 -—
555 1550 709 1586 Habitus
728 1550 867 1585 omnino
886 1550 1018 1594 speciei
1044 1550 1302 1595 praecedentis.
1336 1550 1458 1584 Herba
1483 1551 1619 1594 glabra.
1655 1549 1783 1585 Caules

80 1595 231 1638 graciles
255 1596 389 1631 ramosi
415 1595 608 1631 duriusculi
633 1602 776 1632 teretes.
825 1597 929 1631 Folia
952 1598 1101 1632 obovata
1125 1603 1187 1632 aut
1212 1597 1344 1641 ovalia,
1376 1597 1523 1642 obtusa,
1551 1597 1708 1642 sessilia,
1733 1597 1783 1632 in-

75 1641 207 1676 feriora
232 1642 375 1686 saepius
402 1643 575 1687 opposita.
603 1644 788 1688 superiora
812 1644 970 1684 alterna,
997 1644 1168 1684 coriacea‚
1195 1644 1345 1688 integra,
1371 1644 1494 1680 subtus
1520 1654 1625 1689 saepe
1650 1656 1782 1689 purpu-

75 1689 264 1723 rascentia.
313 1689 459 1724 Racemi
484 1689 586 1733 longe
611 1690 859 1735 pedunculati‚
894 1690 1119 1733 terminales,
1152 1690 1301 1725 floriferi
1325 1691 1469 1735 breves,
1509 1691 1590 1726 (lein
1615 1691 1781 1735 elongati.

77 1735 203 1770 Flores
228 1735 334 1779 paulo
358 1736 510 1781 majOres
537 1748 641 1780 quam
667 1738 702 1771 in
727 1738 793 1772 Ae.
820 1738 974 1772 saxatili.
1025 1738 1137 1782 Calyx
1162 1738 1333 1780 oblongus
1360 1739 1590 1781 subobtusus,
1623 1739 1783 1782 margine

74 1783 376 1819 membranaceus.
423 1783 549 1818 Petala
574 1784 735 1828 oblonga,
762 1784 868 1829 duplo
894 1785 1015 1830 calyce
1041 1785 1209 1829 longiora.
1260 1785 1418 1820 Stamina
1442 1785 1578 1830 majora
1603 1784 1707 1820 dente
1733 1786 1783 1820 in-

73 1834 130 1865 tus
156 1829 220 1864 sub
244 1829 346 1874 apice
381 1835 496 1865 aucta.
545 1830 710 1866 Ovarium
748 1831 953 1877 oblongum,
993 1832 1085 1876 stylo
1121 1837 1335 1876 superatum.
1385 1831 1530 1867 Silicula
1567 1832 1784 1877 l-locularis,

78 1876 259 1957 l--sperssg
273 1905 280 1922 ,
305 1877 405 1922 apice
431 1877 668 1923 emarginata,
694 1878 786 1924 stylo
812 1889 831 1913 e
854 1878 984 1914 fissura
1009 1884 1087 1914 orto
1114 1884 1271 1924 exserto,
1311 1879 1460 1914 valvulis
1486 1878 1589 1915 dorso
1614 1880 1685 1915 late
1711 1880 1782 1916 ala-

74 1928 154 1959 tls.<‹
263 1952 269 1957 .

170 1982 210 2015 In
236 1981 410 2027 Hispania
435 1983 591 2027 (ubinam
602 1984 644 2029 ‘?).
671 2004 712 2009 —
745 1992 779 2024 21
805 1983 889 2028 Jul„
915 1984 1007 2028 Aug.
1033 1985 1079 2028 (n.
1098 1985 1156 2029 v.).

171 2039 271 2076 Obs.
320 2040 369 2074 Cl.
395 2041 495 2076 AUG.
534 2049 590 2076 DE
615 2042 840 2077 CANDOLLE
871 2043 1068 2088 specimina
1100 2043 1207 2088 hujus
1232 2043 1376 2088 plantae
1402 2043 1638 2079 memorabilis
1663 2053 1782 2078 recen-

122 2086 212 2122 tiore
237 2092 397 2133 tempore
422 2099 489 2124 non
516 2095 678 2134 repertae
704 2090 740 2124 in
764 2091 825 2124 hb.
851 2090 1000 2125 Bauksii
1022 2090 1120 2126 vidit.

194 2203 497 2246 DCCCCLXIH.
550 2206 786 2246 LEPIDIUM
821 2207 862 2245 L.
899 2208 995 2247 Gen.
1029 2207 1081 2259 pl.
1114 2220 1151 2248 n.
1185 2206 1282 2247 801.
1346 2207 1490 2259 Sepala
1524 2208 1609 2247 basi
1634 2220 1780 2259 aequa-

77 2261 145 2300 lia.
209 2263 337 2302 l'etala
371 2263 543 2315 integra.
608 2265 782 2305 Stamina
818 2263 864 2315 6,
915 2277 1007 2305 raro
1042 2264 1091 2317 2,
1137 2266 1290 2315 libera,
1338 2265 1541 2305 filamento
1575 2265 1778 2306 edentulo.

78 2317 298 2359 Glandulae
344 2321 419 2359 tori
463 2318 513 2371 4,
557 2335 728 2374 parvae,
778 2323 895 2362 binae
938 2323 983 2363 ad
1033 2324 1245 2364 staminum
1293 2324 1491 2363 minorum
1546 2323 1661 2363 basin
1714 2328 1780 2363 aut

78 2377 128 2416 iis
163 2376 444 2419 deficientibus
491 2391 629 2420 eorum
678 2381 781 2422 loco.
845 2381 1007 2421 Silicula
1041 2382 1193 2432 ovans,
1240 2381 1414 2434 elliptica
1457 2395 1493 2421 v.
1527 2382 1779 2432 orbicularis,

80 2433 196 2474 valde
231 2447 488 2488 compressa,
520 2438 721 2479 interdum
755 2440 1029 2493 emarginata,
1062 2440 1188 2480 valvis
1221 2441 1372 2492 apteris
1406 2441 1614 2488 carinatis,
1647 2440 1778 2479 rarius

81 2492 210 2540 alatis,
246 2493 351 2547 stylo
385 2495 492 2535 nullo
524 2509 559 2535 v.
590 2496 782 2549 filiformi,
816 2497 958 2538 loculis
987 2498 1305 2551 'l——2-spermis,
1338 2497 1386 2538 ab
1419 2499 1532 2550 apice
1556 2498 1657 2549 septi
1682 2510 1778 2548 peu-

78 2549 195 2590 dulis.
231 2575 284 2580 —-
316 2552 473 2593 Herbae
507 2559 571 2594 aut
605 2555 850 2607 suffrutices,
881 2555 989 2595 foliis
1023 2557 1164 2607 variis,
1197 2557 1364 2597 floribus
1398 2556 1776 2609 corymboso-race-

78 2609 202 2649 mosis
235 2611 368 2662 parvis
402 2612 513 2660 albis,
546 2613 753 2653 rarissime
785 2613 919 2654 luteis.

587 2735 733 2773 Clavis
760 2739 1006 2783 specierum
1034 2738 1273 2784 analytica.

165 2815 188 2840 l.
227 2814 349 2840 Silicula
369 2817 455 2846 alata,
477 2816 559 2848 apice
580 2819 768 2850 mnargiuata.
807 2820 833 2845 2.

158 2862 188 2866 —
227 2851 350 2874 Silicula
372 2855 474 2882 aptera
494 2855 546 2876 aut
566 2853 646 2883 apice
674 2855 878 2884 angustissime
899 2856 987 2879 alata.
1027 2854 1219 2884 Coty-ledones

223 2885 364 2916 integrae.
403 2886 428 2911 8.

162 2918 188 2944 2.
228 2919 422 2949 Cotyledones
455 2921 635 2952 tripartitae.
674 2922 757 2946 Folia
786 2923 925 2949 inferiora
960 2923 1220 2954 1—2-pinnatipar-

227 2954 290 2984 tita,
311 2955 466 2986 superiora
487 2956 766 2982 lineari-lanceolata
793 2975 1218 2983 ..........
1257 2958 1291 2982 L.
1311 2965 1324 2982 s
1338 2958 1419 2983 ativ
1431 2965 1483 2983 um
1503 2958 1537 2983 L.

159 2999 191 3005 —
230 2988 423 3018 cotyledones
443 2991 585 3021 integrae.
623 2990 763 3016 Siliculae
783 2994 845 3018 alae
866 2994 978 3024 apicem
998 2999 1098 3017 versus
1119 2992 1221 3017 dilata-

225 3023 274 3048 tae
294 3025 323 3048 et
341 3025 407 3055 plus
426 3025 522 3050 minus
542 3026 711 3058 productae,
733 3027 769 3052 ad
788 3028 857 3058 styli
877 3029 962 3054 basin
982 3027 1115 3052 adnatae.
1152 3027 1179 3053 3.
